2173 3556
377 259 387 292 1
405 261 466 294 20
867 240 947 292 De
974 243 1181 291 Excidio
1211 241 1522 290 Britanniae.

367 382 566 422 tlcronum
587 380 686 421 eius.
743 380 870 430 Quod
884 380 1017 420 sinon
1032 378 1260 419 audieritis
1275 377 1402 418 verba
1414 377 1522 426 llaec,
1545 376 1589 416 in
1609 375 1846 429 memetipso
1864 374 2023 424 iuravi,

368 451 472 490 dicit
494 449 718 497 Dominus,
739 449 842 502 quia
865 449 909 488 in
945 448 1216 488 solitudinem
1245 447 1329 488 erit
1348 447 1498 486 domus
1523 445 1630 486 llaec.
1694 446 1753 486 Et
1776 446 1946 494 iterum,
1972 444 2027 484 de

87 524 146 552 lar.
188 524 260 556 xxii,
301 532 348 558 24·
372 533 472 572 rege
490 519 603 558 enim
625 517 809 558 scelesto
825 517 1086 570 loquebatur
1104 532 1111 556 :
1147 516 1250 557 Vivo
1266 529 1349 569 ego,
1365 515 1470 554 dicit
1483 514 1707 563 Dominus,
1725 514 1828 566 quia
1844 514 1885 553 si
1885 512 2031 564 fuerit

128 571 173 600 25'
372 587 590 628 Jeclconias
609 586 767 626 anulus
787 586 832 626 in
855 600 987 625 mauu
1019 585 1170 625 dextra
1192 598 1296 634 mea,
1333 583 1430 623 inde
1460 583 1635 623 evellam
1669 595 1763 622 eum
1785 588 1825 622 et
1852 581 1957 621 dabo
1984 581 2027 620 iu

373 671 504 696 manu
527 655 821 709 quaerentium
844 648 1037 694 animam
1060 653 1158 694 eius.

90 735 208 764 Harae.
243 734 272 767 ii,
306 744 350 767 12,
461 726 650 767 Sanctus
673 738 847 778 quoque
872 724 1071 764 Abacuc1
1094 722 1338 776 proclamat
1360 722 1537 761 dicens:
1591 720 1676 761 Vae
1700 719 1777 772 qui
1804 719 2034 772 aedificant
2053 733 2106 778 51

132 784 174 811 13'
372 795 586 834 civitatem
628 794 673 833 in
713 793 924 846 sanguine
958 798 998 832 et
1032 797 1305 844 praeparant
1353 789 1568 830 civitatem
1621 789 1666 828 in
1717 788 2031 841 iniquitatibus,

373 864 552 903 dicentes
569 877 583 902 .·
616 876 750 902 noune
789 861 889 901 lcaec
926 867 1029 901 sunt
1067 874 1094 900 a
1133 859 1318 900 Domino
1359 858 1634 910 omnipotente
1652 858 1678 897 P
1718 863 1759 898 et
1797 857 2035 909 defecerunt

364 932 517 984 populi
550 931 678 971 uzulti
709 931 753 970 in
777 931 882 983 igne,
904 936 945 970 et
956 935 1104 982 gentes
1138 929 1295 968 multae
1318 927 1555 968 minoratae
1581 932 1691 967 sunt.
1757 927 1815 966 Et
1850 927 1910 966 ita
1933 940 2030 979 pro-

91 1012 209 1040 Habac.
231 1011 248 1044 i,
267 1019 325 1046 2·4-
374 1001 569 1055 phetiam
593 999 799 1052 querulus
818 999 971 1051 incipit
990 1013 996 1038 :
1028 997 1168 1050 Usque
1181 997 1276 1050 quo‘2
1290 996 1477 1036 clamabo
1498 1002 1538 1035 et
1554 1009 1634 1035 non
1656 995 1855 1035 exaudies
1869 996 1895 1034 P
1926 994 2032 1034 voci·
2054 1010 2089 1029 10

361 1070 543 1122 ftrabor
553 1069 615 1108 ad
624 1076 673 1118 te,
688 1075 736 1108 ut
751 1068 876 1120 quid2
892 1067 1002 1106 mila·
1011 1066 1177 1114 dedisti,
1193 1066 1354 1106 labores
1369 1071 1410 1105 et
1423 1064 1583 1104 dolores
1600 1064 1799 1116 inspicere
1813 1063 2031 1103 miseriam

373 1143 413 1176 et
433 1136 689 1188 impietatem
708 1136 733 1175 P
753 1140 897 1174 contra
911 1140 951 1173 et
958 1135 1132 1184 sactum
1151 1139 1212 1172 est
1228 1132 1433 1172 iudicium
1451 1138 1491 1171 et
1506 1131 1635 1170 iudex
1645 1131 1809 1183 accepit.
1851 1130 2037 1182 Propter

372 1202 446 1242 lzoc
457 1202 665 1253 dissipata
687 1207 748 1240 est
767 1201 835 1240 lex
857 1206 897 1240 et
918 1214 998 1239 non
1011 1198 1267 1251 perducitur
1285 1198 1489 1251 adfinem
1512 1197 1730 1246 iudicium,
1752 1196 1854 1249 quia
1877 1196 2035 1248 impius

362 1270 686 1323 perpotentiam
705 1269 908 1321 deprimit
928 1269 1099 1308 iustum.
1142 1268 1326 1319 Propter
1339 1266 1414 1307 lzoc
1431 1266 1536 1306 exiit
1551 1266 1756 1306 iudicium
1769 1273 2032 1318 perversum.

461 1340 546 1381 Sed
573 1345 616 1379 et
638 1339 793 1379 beatus
817 1337 933 1379 Osee
967 1336 1183 1390 propheta
1207 1336 1423 1376 attendite
1459 1336 1564 1388 quid
1589 1335 1792 1388 loquatur
1825 1336 1880 1375 de
1919 1335 2033 1387 prin·
2056 1339 2112 1384 52

91 1418 139 1447 05.
158 1418 219 1451 viii,
240 1427 298 1453 1-4-
373 1409 542 1462 cipibus
565 1407 715 1448 dicens
738 1422 744 1446 :
766 1406 856 1446 Pro
877 1420 930 1455 eo,
953 1405 1069 1458 quod
1085 1404 1347 1457 transgressi
1364 1410 1466 1444 sunt
1475 1410 1652 1456 pactum
1675 1417 1813 1443 meum
1829 1409 1869 1443 et
1883 1403 2034 1442 adver-

372 1492 445 1518 sus
467 1478 596 1530 legem
632 1490 767 1515 meam
792 1476 992 1524 tulerunt,
1029 1480 1070 1514 et
1103 1473 1428 1514 exclamabant:
1459 1473 1729 1526 cognovimus
1751 1479 1799 1522 te,
1821 1472 1924 1525 quia
1957 1472 2033 1511 ad-

374 1561 542 1588 versum
565 1546 626 1585 sis
637 1545 817 1594 lsrallel,
835 1544 986 1584 bonum
1003 1550 1051 1583 ut
1065 1543 1261 1595 iniquum
1275 1541 1489 1594 persecuti
1500 1547 1612 1590 sunt,
1628 1541 1713 1580 sibi
1733 1547 2032 1593 regnaverunt,

379 1623 419 1656 et
439 1629 520 1655 non
533 1622 617 1667 per
636 1628 730 1654 me:
763 1619 991 1653 tenuerunt
1000 1611 1308 1664 principatum,
1331 1624 1403 1650 nec
1422 1624 1486 1650 me
1507 1609 1803 1662 agnoverunt.3

463 1684 551 1725 Sed
576 1689 618 1723 et
641 1688 842 1722 sanctum
871 1680 1029 1721 Amos*
1042 1679 1302 1733 prophetam
1328 1679 1411 1719 hoc
1434 1679 1568 1719 modo
1592 1679 1833 1719 minantem
1858 1679 2032 1719 audite:
2055 1681 2112 1726 53

89 1767 186 1795 Amos
203 1767 230 1799 ii,
250 1777 311 1803 4-7-
373 1753 426 1792 lu
461 1752 599 1792 tribus
632 1750 922 1803 impietatibus
945 1749 1146 1803 filiorum
1180 1749 1209 1788 l
1208 1749 1294 1788 uda
1326 1754 1367 1788 et
1396 1748 1441 1788 in
1478 1755 1682 1801 quattuor
1717 1763 1798 1788 non
1839 1755 2032 1799 avertam

372 1836 436 1862 eos
447 1827 623 1873 propter
654 1819 769 1873 quod
797 1820 1043 1871 repulerunt
1080 1819 1209 1871 legem
1252 1817 1418 1857 domini
1455 1824 1496 1857 et
1524 1824 1749 1870 praecepta
1783 1832 1863 1857 non
1899 1825 2034 1858 custo-

373 1891 556 1937 dierunt,
577 1889 654 1929 sed
669 1888 929 1928 seduxerunt
959 1901 1024 1927 eos
1060 1901 1174 1927 vana
1195 1900 1347 1926 eorum.
1410 1886 1472 1926 Et
1506 1886 1698 1926 emittam
1737 1886 1876 1938 ignem
1909 1894 2038 1939 super

373 1959 529 1999 sudam
552 1965 592 1998 et
611 1957 790 1997 ccmledet
796 1957 1093 2009 simulamenta
1129 1956 1373 1996 Ierusalem.
1435 1955 1556 1995 Haec
1587 1955 1692 1995 dicit
1712 1955 1928 1995 Dominus
1942 1971 1956 1996 .·
1989 1956 2034 1995 in

374 2028 510 2067 tribus
547 2026 834 2079 impietatibus
869 2025 1042 2065 Israltel
1067 2025 1172 2064 etin
1204 2030 1409 2077 quattuor
1444 2038 1524 2063 non
1557 2029 1750 2063 avertam
1773 2038 1848 2072 eos,
1860 2031 2039 2076 propter
2055 2034 2091 2063 25

373 2097 488 2150 quod
505 2095 781 2136 tradiderunt
791 2094 973 2147 pecunia
996 2094 1157 2134 iustum
1187 2100 1227 2134 et
1236 2100 1468 2146 pauperem
1493 2100 1577 2145 pro
1611 2093 1907 2143 calciamentis,
1930 2108 2037 2146 quae

444 2285 455 2306 ¹
481 2285 640 2319 Abacuc.
692 2287 840 2330 Jerome
860 2286 928 2319 has
946 2285 1166 2326 Ambacum,
1186 2283 1221 2317 A
1229 2283 1377 2316 mbacuc
1394 2281 1429 2315 in
1457 2282 1519 2316 the
1545 2283 1658 2316 tituli.
1714 2283 1755 2316 In
1774 2282 1836 2316 the
1857 2282 2038 2325 Prologus

374 2351 411 2378 to
426 2345 487 2379 the
503 2346 781 2379 Commentarz'a
799 2344 846 2378 he
866 2355 949 2388 says
965 2343 1045 2377 that
1066 2343 1163 2376 “the
1176 2353 1286 2375 name
1300 2340 1330 2375 is
1349 2340 1437 2375 read
1458 2343 1636 2384 corrupte,
1656 2352 1795 2384 among
1813 2340 1875 2374 the
1895 2339 2037 2373 Greeks

373 2403 447 2436 and
469 2402 606 2445 Latins,
627 2415 667 2436 as
685 2403 907 2444 Ambacum,
932 2402 982 2446 by
1013 2402 1076 2435 the
1111 2401 1294 2435 Hebrews
1312 2400 1359 2433 he
1391 2398 1420 2432 is
1440 2399 1559 2433 called
1589 2399 1770 2441 Abacuc,’'
1800 2398 1874 2432 and
1906 2409 1947 2431 so
1976 2398 2037 2431 the

374 2473 482 2495 name
517 2472 674 2506 appears
710 2461 937 2505 throughout
972 2460 1034 2494 the
1072 2458 1359 2501 Commentario,
1401 2457 1466 2491 but
1502 2457 1680 2491 Habacuc
1709 2456 1745 2490 in
1780 2457 1841 2490 the
1876 2456 2037 2499 Vulgate

372 2518 550 2563 (printed)
582 2518 697 2552 Bible.

443 2587 456 2607 2
488 2587 609 2630 Usque
627 2598 699 2631 quo
718 2599 730 2620 :
757 2589 800 2620 ut
815 2586 915 2630 quid.
968 2586 1049 2619 The
1068 2585 1158 2619 rude
1189 2584 1263 2618 and
1292 2583 1410 2617 literal
1439 2583 1532 2627 style
1550 2583 1592 2616 of
1617 2583 1678 2616 the
1699 2582 1772 2616 Old
1794 2581 1899 2616 Latin
1920 2588 2037 2615 meets

374 2657 415 2678 us
435 2657 516 2678 now
536 2652 572 2678 to
591 2646 653 2678 the
671 2645 743 2678 end
763 2645 804 2678 of
817 2656 845 2678 c.
866 2646 920 2686 64.
976 2644 1108 2677 Hence
1127 2644 1217 2677 such
1238 2642 1391 2687 phrases
1420 2652 1460 2674 as
1492 2652 1606 2685 usque
1623 2652 1694 2684 quo
1715 2653 1755 2669 z
1776 2640 1838 2674 ἕως
1855 2639 1948 2674 τίνος
1965 2652 1972 2680 ;
1998 2646 2036 2673 ut

373 2703 461 2747 quid
482 2720 524 2730 ἶ
543 2702 597 2737 ἵνα
615 2703 648 2736 τί
666 2703 701 2736 in
721 2703 793 2737 this
812 2701 1015 2747 quotation.
1068 2702 1293 2742 Elsewhere,
1314 2712 1337 2733 a
1356 2700 1460 2733 modo
1480 2715 1511 2726 =
1529 2698 1600 2731 ἀπὸ
1618 2701 1678 2732 τοῦ
1698 2701 1758 2732 νῦν
1778 2711 1785 2739 ;
1811 2699 1846 2731 si
1861 2709 1901 2731 as
1920 2697 2036 2730 direct

375 2758 636 2802 interrogative
662 2775 692 2786 =
719 2759 755 2792 εἰ.
810 2759 926 2801 Many
945 2757 1035 2791 such
1063 2755 1337 2790 combinations
1356 2756 1397 2789 of
1419 2753 1646 2799 preposition
1673 2754 1747 2788 and
1766 2754 1915 2795 adverb,
1935 2765 1976 2786 or
2002 2753 2042 2785 of

377 2821 446 2847 two
473 2814 720 2858 prepositions
747 2813 816 2848 live
839 2825 886 2847 on
906 2813 942 2846 in
964 2813 1120 2854 Freneh,
1139 2812 1287 2845 demaiu
1311 2811 1404 2845 from
1423 2810 1466 2844 de
1489 2821 1597 2843 mane
1613 2810 1730 2853 (Ruth
1752 2809 1784 2851 ii,
1806 2818 1836 2852 7,
1855 2809 1901 2843 de
1928 2820 2037 2842 mane

377 2883 492 2916 usque
512 2874 648 2914 nune),
666 2871 828 2906 dcrrlere
845 2872 938 2905 from
957 2871 1000 2904 a'e
1017 2874 1125 2912 retro,
1144 2870 1273 2904 (teliors
1293 2869 1385 2903 from
1404 2868 1565 2913 deforis,
1585 2875 1664 2911 etc.‚
1684 2874 1751 2901 etc.

448 2931 528 2964 The
548 2942 650 2964 same
669 2931 753 2973 fact,
769 2930 810 2964 of
824 2930 902 2963 well
923 2928 1082 2963 testified
1104 2927 1306 2962 harshness
1320 2927 1360 2960 of
1374 2926 1491 2960 literal
1511 2924 1794 2967 constructions,
1812 2925 1880 2958 has
1899 2925 1959 2958 led
1977 2936 2036 2959 me

378 2992 414 3018 to
434 2992 633 3028 punctuate
665 2986 725 3020 the
756 2992 931 3019 sentence
960 2983 1166 3027 beginning
1184 2982 1270 3016 with
1297 2986 1339 3015 ut
1355 2981 1450 3026 quid
1464 2992 1504 3014 as
1524 2992 1611 3032 seen
1631 2980 1665 3013 in
1686 2981 1747 3014 the
1767 2987 1851 3014 text.
1907 2981 1948 3014 In
1976 2981 2037 3014 the

379 3044 538 3088 Vulgate
558 3043 583 3077 it
610 3055 696 3077 runs
716 3055 722 3077 :
750 3054 866 3087 quare
883 3042 1078 3076 ostendisti
1094 3042 1191 3075 mihi
1218 3041 1456 3085 iniquitatem
1486 3043 1521 3072 et
1537 3039 1696 3072 laborem
1716 3039 1841 3072 uidere
1853 3039 2036 3082 praedam

375 3105 411 3134 et
427 3102 655 3135 iniustitiam
671 3105 800 3135 contra
818 3112 883 3143 me,
902 3101 968 3134 but
987 3100 1049 3134 the
1079 3100 1184 3133 LXX
1204 3105 1376 3143 suggests
1396 3098 1474 3132 that
1494 3108 1546 3130 we
1567 3096 1699 3130 should
1721 3096 1827 3140 place
1846 3108 1867 3129 a
1886 3103 1974 3130 note
2001 3096 2043 3130 of

379 3159 645 3203 interrogation
664 3160 757 3194 after
782 3160 1019 3202 impietatem,
1048 3157 1122 3191 and
1152 3158 1241 3192 then
1267 3156 1380 3191 read:
1407 3159 1535 3190 contra
1561 3158 1597 3188 et
1621 3155 1764 3198 factemz
1783 3158 1837 3188 est
1853 3154 2036 3188 iudicium

377 3222 411 3251 et
427 3218 541 3250 imitar
557 3219 694 3262 accepit
717 3233 747 3244 =
772 3217 810 3260 ἐξ
828 3216 984 3250 ἐναντίας
1008 3230 1075 3259 μου
1098 3218 1244 3260 γέγονεν
1266 3214 1390 3260 κρίσις,
1413 3213 1468 3247 καὶ
1486 3214 1503 3246 ὁ
1523 3211 1640 3257 κριτὴς
1658 3212 1842 3257 λαμβάνει.
1878 3212 2036 3245 Holmes
