2173 3556
0 932 84 959 limi.
105 931 122 960 i.
144 940 168 965 ς,
186 932 212 958 0.

0 1757 104 1785 Dsalm.
126 1759 181 1789 cvi,
200 1768 244 1793 40.

0 1892 46 1921 20)
70 1891 137 1918 le
153 1901 235 1919 eoin-

24 1930 76 1965 ing
121 1931 155 1957 os
198 1931 248 1958 1110

23 1979 134 2006 enemy
177 1971 247 1997 sud-

26 2009 118 2045 denly
156 2011 248 2037 made

23 2048 144 2075 known.

23 2087 70 2115 De
97 2088 246 2115 nuntiatis

22 2127 126 2154 subito
151 2127 246 2155 hosti-

23 2166 88 2194 bus.

4 2308 42 2333 'sa
48 2307 98 2335 lm.
119 2309 198 2340 xxxi,
213 2318 239 2344 9.

283 248 344 293 50
777 231 856 278 De
880 230 1091 278 Excidio
1115 229 1430 277 Britanniae.

281 382 366 408 non
401 383 476 421 per
499 369 654 413 D‹-um‚
677 367 751 407 sed
775 367 848 419 qui
872 367 1026 407 ceteris
1049 366 1313 406 crudeliores
1335 371 1572 414 exstarent,
1595 371 1638 404 et
1670 363 1801 417 paulo
1834 369 1934 416 post

280 434 336 473 ab
359 436 610 475 unctoribus
633 446 720 473 non
744 447 823 485 pro
845 433 933 472 veri
952 432 1285 472 examinatione
1307 431 1652 480 trucidabantur,
1668 430 1763 470 aliis
1785 429 1935 470 electis

280 504 548 544 trucioribus.
627 502 673 543 Si
715 502 811 554 quis
846 515 948 542 vero
989 515 1138 541 eorum
1185 501 1331 541 mitior
1371 507 1415 540 et
1450 500 1621 540 veritati
1659 499 1936 552 aliquatenus

280 572 456 624 propior
476 570 708 619 videretur,
731 571 773 610 in
804 570 918 609 hunc
950 570 1074 622 quasi
1109 569 1364 610 Britanniae
1396 569 1699 608 subversorem
1732 567 1931 607 omnium

278 639 380 679 odia
418 638 590 690 telaque
627 639 719 678 sine
753 645 953 690 respectu
991 637 1405 690 contorquebantur,
1437 644 1479 677 et
1516 637 1665 676 omnia
1701 649 1813 688 quae
1850 635 1935 674 dis-
1976 649 1991 675 s

279 708 524 760 plicuerunt
558 707 656 747 Deo
688 714 731 747 et
767 721 880 759 quae
922 706 1192 759 placuerunt,
1224 705 1395 758 aequali
1428 705 1584 745 saltem
1618 704 1742 744 lance
1774 703 1937 756 pende-

279 777 450 824 bantur,
472 776 506 815 si
531 789 616 815 non
641 776 833 828 gratiora
857 775 1041 815 fuissent
1070 775 1375 828 displicentia;
1408 774 1469 814 ita
1501 780 1548 814 ut
1581 773 1737 813 merito
1769 772 1937 824 patriae

280 845 385 885 illud
439 845 759 897 propheticum,
801 845 918 897 quod
962 850 1143 884 veterno
1186 844 1246 883 illi
1299 843 1465 896 populo
1506 842 1816 882 denuntiatum
1859 847 1937 889 est,

280 914 469 965 potuerit
529 914 681 965 aptari.
761 913 880 960 Filii,
933 913 1144 965 inquienS,
1184 913 1275 952 sine
1314 911 1415 964 lege1
1456 910 1743 963 dereliquistis
1783 910 1936 958 Deum,

278 987 319 1020 et
347 982 409 1020 ad
435 982 707 1022 iracundiam
739 982 1006 1034 provocastis
1045 988 1238 1022 sanctum
1280 981 1428 1021 lsrael.
1524 979 1646 1030 Quid
1670 979 1810 1019 adlcuc
1842 986 1936 1031 per·
1956 994 1992 1013 10

276 1050 501 1090 cutiemim'
547 1057 795 1103 apponentes
845 1050 1116 1103 iniquitatem
1131 1052 1157 1091 ‚9
1236 1050 1370 1091 Omne
1419 1056 1545 1102 caput
1591 1047 1849 1100 languidum
1898 1053 1939 1087 et

276 1133 396 1158 omne
425 1133 495 1158 cor
514 1133 705 1159 maerens
719 1135 734 1160 .·
764 1134 791 1158 a
812 1119 969 1171 planta
990 1119 1116 1171 pedis
1145 1132 1275 1172 usque
1305 1118 1368 1159 ad
1393 1118 1588 1158 verticem
1621 1131 1702 1157 uon
1734 1123 1796 1157 est
1825 1116 1870 1156 in
1892 1130 1935 1156 eo

274 1188 450 1227 sanitas.

361 1256 522 1308 Sicque
544 1255 736 1308 agebant
759 1263 927 1305 cuncta,
950 1270 1062 1308 quae
1085 1255 1215 1296 saluti
1239 1255 1457 1296 contraria
1480 1255 1651 1304 fuerint,
1674 1268 1724 1294 ac
1756 1255 1791 1294 si
1824 1254 1931 1294 nihil

274 1324 440 1364 mundo
483 1324 728 1364 medicinae
769 1338 794 1363 a
837 1338 939 1364 vero
981 1326 1178 1365 omnium
1224 1325 1396 1365 medico
1438 1324 1678 1377 largiretur.
1743 1324 1801 1364 Et
1843 1338 1930 1363 non
1953 1339 1988 1368 15

271 1393 411 1432 solum
455 1393 560 1433 haec
598 1392 842 1433 saeculares
890 1394 980 1443 viri,
1033 1395 1109 1434 sed
1153 1401 1197 1434 et
1238 1394 1331 1447 ipse
1371 1407 1481 1446 grex
1526 1393 1709 1433 Domini
1751 1394 1932 1446 eiusque

272 1470 485 1515 pastores,
507 1463 581 1515 qui
614 1463 824 1515 exemplo
857 1477 951 1503 esse
981 1465 1103 1504 omni
1136 1464 1253 1516 plebi
1286 1464 1530 1513 debuerint,
1553 1463 1766 1503 ebrietate
1796 1476 1930 1515 quam

271 1532 445 1584 plurimi
488 1532 612 1584 quasi
655 1532 757 1571 vino
801 1532 966 1572 madidi
1010 1533 1247 1585 torpebant
1288 1533 1467 1573 resoluti
1510 1540 1553 1573 et
1594 1532 1928 1572 animositatum

270 1608 454 1649 tumore,
487 1601 725 1653 iurgiorum
759 1602 1056 1651 contentione,
1088 1602 1279 1642 invidiae
1312 1603 1544 1655 rapacibus
1577 1602 1764 1655 unguliS‚
1796 1603 1929 1642 indis-

270 1675 389 1708 creto
421 1668 523 1708 boni
558 1668 749 1720 malique
782 1669 942 1709 iudicio
974 1671 1278 1722 carpebantur,
1300 1671 1361 1711 ita
1393 1678 1440 1712 ut
1472 1671 1710 1724 perspicue,
1742 1671 1854 1711 sicut
1886 1677 1929 1711 et
1947 1681 1987 1700 20

270 1751 385 1776 nunc
408 1744 484 1785 est,
511 1736 701 1789 Effimdi
719 1737 938 1777 videretur
968 1739 1214 1791 conlemptio
1244 1746 1373 1791 super
1394 1739 1619 1792 principes,
1639 1739 1785 1779 seduci
1806 1740 1929 1779 vanis

269 1817 418 1843 eorum
443 1810 486 1843 et
508 1818 661 1853 errore,
685 1805 729 1844 in
752 1805 869 1845 invio
890 1812 930 1845 et
950 1820 1031 1845 mm
1055 1807 1100 1847 in
1122 1807 1206 1848 via.

359 1873 532 1912 Interea
554 1873 729 1913 volente
762 1874 860 1913 Deo
893 1889 1079 1927 purgare
1103 1876 1313 1916 familiam
1338 1891 1462 1917 suam
1492 1884 1536 1918 et
1565 1884 1689 1918 tanta
1713 1877 1927 1918 malorum
1953 1886 2008 1916 22

269 1941 365 1981 labe
404 1942 609 1982 infectam
648 1942 801 1983 auditu
839 1950 1011 1983 tantum
1050 1944 1346 1985 tribulationis
1383 1947 1632 1995 emendare,
1666 1960 1753 1986 non
1789 1947 1927 1999 ignoti

268 2011 452 2056 rumoris
495 2011 709 2063 penniger
751 2025 828 2051 ceu
872 2012 1044 2052 volatus
1085 2021 1276 2054 arrectas
1317 2016 1516 2055 omnium
1560 2022 1761 2068 penetrat
1802 2030 1927 2055 aures
1948 2034 1984 2062 25

267 2078 533 2131 iamiamque
565 2080 780 2120 adventus
804 2088 999 2121 veterum
1022 2082 1265 2123 volentium
1298 2085 1473 2136 penitus
1505 2084 1650 2124 delere
1682 2091 1726 2124 et
1758 2084 1926 2124 inhabi-

266 2153 357 2186 tare
380 2147 509 2186 solito
533 2161 653 2188 more
676 2162 700 2187 a
724 2148 808 2188 fine
832 2163 968 2202 usque
992 2151 1047 2190 ad
1071 2153 1306 2192 terminum
1331 2154 1567 2206 regionem.
1613 2154 1927 2206 Nequaquam&

266 2222 413 2254 tamen
457 2216 513 2255 ob
555 2217 637 2256 hoc
680 2217 926 2269 proficiunt,
959 2219 1036 2259 sed
1079 2222 1323 2274 comparati
1366 2223 1575 2263 iumentis
1617 2223 1926 2275 insipientibus

265 2284 437 2333 strictis,
461 2293 505 2324 ut
529 2286 700 2335 dicitur,
724 2287 940 2327 morsibus
970 2289 1151 2329 rationis
1175 2290 1344 2331 frenum
1368 2291 1652 2342 offirmantes,
1682 2306 1759 2345 per
1788 2292 1923 2333 latam

332 2485 341 2505 ¹
369 2487 449 2520 The
471 2488 572 2520 LXX
592 2487 737 2521 version
757 2489 824 2522 has
843 2489 907 2522 υἱοὶ
925 2489 1059 2534 ἄνομοι,
1080 2491 1136 2525 for
1153 2491 1273 2525 which
1291 2503 1344 2526 we
1363 2492 1439 2526 find
1464 2491 1499 2526 in
1529 2493 1674 2527 Lucifer
1699 2494 1741 2527 of
1763 2494 1923 2538 Cagliari

251 2543 336 2585 filii
357 2544 436 2576 sim*
461 2544 536 2588 lege
554 2556 594 2578 as
624 2545 739 2586 l1ere3
769 2546 960 2589 Cyprian's
980 2547 1139 2590 version,
1158 2548 1269 2592 given
1296 2548 1332 2582 in
1361 2549 1560 2584 Sabatier's
1587 2551 1762 2595 Antiqua
1789 2552 1924 2595 Versio,

262 2600 290 2633 is
299 2602 381 2644 filii
396 2603 559 2643 scelesli,·
578 2603 622 2636 he
641 2604 708 2636 has
727 2604 806 2637 also
823 2605 908 2647 filii
923 2606 1056 2649 iniqui,
1073 2606 1147 2639 and
1170 2607 1232 2640 the
1250 2607 1412 2650 Vulgate
1432 2608 1629 2641 translates
1645 2609 1732 2652 filii
1746 2610 1922 2643 scelerati.

264 2661 331 2693 We
350 2661 444 2694 have
472 2661 506 2694 in
534 2662 636 2695 these
660 2674 681 2695 a
700 2663 799 2705 good
827 2662 995 2697 instance
1017 2664 1058 2697 of
1078 2665 1140 2698 the
1167 2664 1361 2709 divergent
1388 2665 1501 2699 forms
1527 2672 1564 2699 to
1588 2666 1634 2700 be
1656 2667 1770 2700 found
1798 2668 1923 2702 before

262 2719 420 2760 jerome.
477 2720 596 2752 When
625 2719 756 2754 (Lildas
783 2728 914 2765 quotes
937 2721 1061 2756 Isaiah
1081 2723 1367 2767 consecutively,
1387 2723 1444 2757 his
1464 2731 1624 2758 extracts
1651 2736 1712 2758 are
1739 2725 1833 2759 from
1860 2727 1922 2761 the

265 2776 422 2817 Vulgate
451 2777 606 2818 version,
636 2779 699 2811 but
727 2779 815 2811 such
845 2780 1077 2813 well-known
1106 2782 1226 2815 words
1256 2794 1296 2815 as
1325 2782 1429 2816 these
1459 2794 1533 2825 are,
1564 2783 1754 2827 probably,
1779 2784 1922 2818 written

261 2833 367 2866 down
388 2834 479 2867 froin
510 2846 685 2878 inemory.
755 2837 828 2870 For
854 2837 932 2871 that
959 2849 1070 2872 cause
1091 2851 1143 2872 we
1162 2839 1256 2873 have
1283 2840 1370 2873 here
1396 2852 1417 2874 a
1437 2839 1540 2884 piece
1559 2841 1601 2874 of
1622 2841 1684 2874 the
1712 2841 1785 2875 Old
1815 2842 1922 2876 Latin

263 2892 338 2929 that
361 2904 434 2926 was
453 2893 555 2935 used,
574 2905 622 2927 no
641 2894 768 2938 doubt,
789 2894 824 2928 in
844 2896 906 2930 the
925 2904 1138 2941 monastery
1157 2898 1198 2932 of
1215 2897 1335 2932 Illtud.
1389 2899 1443 2932 Cf.
1464 2910 1493 2933 e.
1515 2909 1569 2943 33.

331 3090 347 3106 ³
367 3084 418 3116 Λι·
447 3084 685 3128 fsrwythlawn
714 3087 797 3121 wlat
832 3099 853 3121 a
887 3087 1148 3132 (liftrywaffant
1183 3101 1226 3123 oc
1262 3101 1306 3123 eu
1343 3096 1500 3134 teruysc.
1534 3091 1589 3124 Ac
1624 3098 1712 3136 ygyt
1740 3103 1762 3126 a
1795 3093 1922 3138 hynny

261 3140 532 3183 drycdznnwein
565 3144 653 3176 aral}
682 3144 782 3188 hefyt
813 3157 834 3178 a
865 3146 979 3180 deuth
1008 3147 1139 3181 udunt.
1208 3148 1334 3191 Kanys
1361 3160 1382 3182 a
1410 3149 1483 3182 hall
1511 3160 1640 3193 newyn
1668 3162 1689 3183 a
1715 3150 1870 3195 drycuyt
1900 3164 1922 3185 a

262 3198 400 3241 lynwys
428 3200 514 3233 wrth
545 3213 564 3244 y
592 3202 712 3245 bobyl.
768 3203 900 3246 Megys
928 3212 989 3238 nat
1017 3205 1088 3238 oed
1115 3217 1136 3238 0
1164 3206 1237 3239 11011
1266 3207 1468 3250 ymgynhal
1496 3206 1571 3240 dim
1600 3220 1620 3251 y
1640 3209 1712 3242 nel)
1738 3209 1857 3253 eithyr
1883 3222 1924 3254 yr
