2214 3556
99 340 184 368 Phil.
204 340 222 371 i,
242 348 287 376 23.

100 379 169 407 lud.
190 379 247 411 xvi,
263 388 310 415 24.

103 419 165 446 Col.
187 418 226 450 iii.
247 427 272 455 5.

103 458 171 486 lud.
192 458 249 489 xvi.
265 467 313 494 30.

107 829 117 856 Ι
136 828 222 856 Sam.
242 827 292 860 vii,
309 836 336 864 9.

107 878 118 906 I
137 878 224 906 Sam.
244 878 294 910 xii,
320 879 363 906 18.

106 917 119 945 I
137 918 223 946 Sam.
245 927 272 945 x.

105 956 118 985 I
136 958 223 985 Sam.
243 966 290 989 xv,
309 958 367 989 28:

143 997 202 1028 xvi,
224 1005 268 1032 13.

106 1101 119 1130 I
137 1102 223 1130 Sam.
236 1101 285 1134 xii,
306 1110 365 1137 2-4.

110 1501 142 1530 11
160 1504 233 1542 Reg.
252 1505 368 1542 i‚9,12.

108 1713 121 1741 Ι
137 1713 208 1750 leeg.
226 1712 306 1745 xviii,
321 1722 369 1749 40.

109 1918 171 1946 lar.
192 1927 220 1951 v,
240 1926 284 1954 17.

113 2123 125 2150 1
142 2123 215 2159 Reg.
236 2122 296 2155 xix,
318 2131 361 2150 10.

115 2329 143 2356 11
162 2330 234 2365 ling.
256 2338 279 2357 v,

114 2593 142 2620 Il
162 2594 232 2629 legg.
254 2594 292 2626 vi,
313 2603 360 2631 15-

155 2642 197 2668 17.

392 201 477 244 182
886 198 965 245 De
992 198 1199 245 Excidio
1226 198 1539 245 Britanniae.

472 334 584 387 Quis
621 347 772 374 eorum
806 334 916 374 mori
946 341 1168 387 exoptans
1193 335 1359 375 mundo
1382 342 1425 375 et
1442 335 1587 374 vivere
1605 335 2046 376 Christoluxuriosos
2072 334 2123 380 71

386 405 583 457 gentium
618 403 826 444 convivas
859 403 1090 444 laudantes
1123 403 1229 443 deos
1267 418 1380 453 suos,
1418 404 1459 443 id
1493 410 1570 453 est,
1593 418 1759 453 sensuS,
1781 405 2048 446 extollentes

387 473 561 513 divitias
591 472 658 524 (ut
690 472 918 524 apostolus
959 479 1000 512 es
1039 472 1244 521 avaritia,
1282 473 1434 524 inquit,
1475 487 1583 525 quae
1621 479 1683 512 est
1721 473 2049 514 simulacrorum

386 540 601 593 servitus),
633 541 855 580 concussis
888 540 1059 580 duabus
1082 541 1242 580 virtute
1276 540 1552 580 brachiorum
1592 542 1819 591 columnis,
1842 556 1954 595 quae
1988 543 2051 582 in-

388 610 657 663 telleguntur
708 611 749 649 in
803 609 1105 662 voluptatibus
1158 623 1346 662 nequam
1390 611 1564 649 animae
1606 611 1847 663 carnisque,
1893 611 2052 664 quibus
2092 627 2108 656 5

389 679 547 719 domus
565 679 785 719 humanae
817 679 960 718 omnis
995 679 1217 731 nequitiae
1252 680 1584 731 quodammodo
1608 681 1813 733 pangitur
1846 695 1896 720 ac
1932 681 2051 720 fulci-

391 754 624 795 mentatur,
675 754 766 788 tam
810 747 1165 796 innumerabiles,
1217 755 1264 787 ut
1317 748 1550 800 Sampson,
1593 750 1861 801 prostravit?
1942 750 2053 803 Quis

389 817 660 856 orationibus
712 816 1059 868 holocaustoque
1110 816 1314 856 lactantis
1365 817 1467 868 agni
1511 816 1841 858 Philistinorum
1885 826 2052 859 metum

389 884 614 937 depellens
646 886 891 938 insperatas
925 885 1219 925 tonitruorum
1247 899 1376 925 voces
1406 885 1677 939 nubiumque
1715 887 1875 928 imbres
1909 890 2053 928 conci-

390 960 488 994 tans
512 954 677 1007 absque
709 953 963 994 adulatione
995 967 1142 1006 regem
1177 954 1462 1002 constituens,
1494 956 1681 995 eundem
1720 957 1818 997 Deo
1851 971 1936 997 non
1962 958 2052 1010 pla·
2075 973 2112 993 10

390 1028 561 1062 centem
587 1023 790 1070 abiciens,
814 1029 947 1062 uncto
970 1036 1048 1074 pro
1072 1022 1146 1061 illo
1170 1023 1350 1063 meliore
1384 1023 1425 1062 in
1462 1037 1609 1076 regno,
1648 1032 1694 1065 ut
1725 1026 1916 1075 Samuel,
1938 1026 2053 1067 vale-

391 1091 587 1131 dicturus
611 1091 776 1143 populo
799 1090 962 1130 astabit
980 1090 1063 1130 hoc
1088 1092 1222 1131 modo
1245 1092 1420 1132 dicens:
1454 1092 1555 1133 Ecce
1570 1100 1742 1144 praesto
1777 1109 1884 1144 sum,
1921 1096 2054 1148 loqui-

391 1159 505 1199 mini
522 1173 662 1199 coram
686 1159 873 1199 Domino
894 1165 934 1199 et
953 1159 1109 1199 christo
1138 1160 1240 1209 eills,
1267 1167 1414 1201 ulrum
1441 1161 1582 1201 bovem
1605 1162 1856 1215 cuiusquam
1883 1165 2055 1204 tulerim

390 1242 447 1267 an
470 1228 655 1276 asinum,
676 1228 719 1268 si
737 1227 980 1281 quempiam
1002 1228 1294 1268 calmamiatus
1305 1244 1414 1278 sum,
1434 1229 1478 1269 sz'
1504 1231 1691 1282 oppressi
1718 1232 1918 1284 aliquem,
1938 1233 1982 1273 sz'
2009 1233 2058 1273 de

390 1311 521 1337 manu
545 1297 796 1349 cuiusquam
820 1311 979 1337 munus
1000 1297 1175 1349 accepi?
1205 1298 1276 1337 cui
1294 1313 1321 1337 a
1339 1300 1497 1351 populo
1519 1307 1762 1351 responsum
1788 1307 1851 1340 est
1869 1301 2028 1341 dicente
2043 1318 2056 1342 .·
2079 1318 2114 1347 15

390 1380 535 1406 nones
555 1365 845 1406 calunmz'atns
863 1380 937 1406 nos
958 1380 1089 1419 neque
1109 1367 1355 1418 oppressisti
1386 1382 1516 1421 neque
1551 1369 1695 1409 tulisti
1727 1370 1777 1410 de
1810 1385 1941 1411 manu
1978 1372 2058 1412 ali-

389 1434 511 1475 cuius
531 1434 763 1487 quz'ppzam.

481 1503 591 1556 Quis
614 1517 777 1553 eorum,
800 1503 901 1557 igne
932 1504 1110 1545 caelesti
1143 1511 1321 1546 centum
1357 1507 1571 1559 superbos
1604 1521 1807 1559 exurens,
1845 1509 2058 1563 quinqua-

392 1573 517 1625 ginta
539 1573 727 1613 humiles
750 1587 929 1614 servans
957 1579 1001 1614 et
1033 1574 1200 1627 absque
1233 1575 1502 1616 adulationis
1532 1577 1642 1624 fuco,
1680 1591 1765 1618 non
1790 1578 1949 1619 'Deum
1984 1593 2062 1634 per

392 1643 643 1695 prophetas
680 1643 756 1682 sed
792 1642 960 1682 idolum
1000 1643 1202 1682 Accaron
1239 1643 1497 1692 consulenti,
1532 1652 1719 1686 mortem
1754 1647 2057 1688 imminentem
2079 1661 2118 1680 20

392 1709 543 1761 iniquo
567 1709 657 1760 regi
682 1709 964 1757 annuntianS,
987 1722 1140 1749 omnes
1164 1709 1403 1762 prophetas
1426 1711 1649 1751 simulacri
1673 1712 1791 1761 Baal,
1824 1714 1897 1766 qui
1930 1714 2060 1754 inter-

392 1778 551 1831 pretati
576 1778 853 1830 accipiuntur
875 1791 1029 1817 sensus
1052 1777 1233 1817 humani
1258 1779 1434 1818 invidiae
1456 1780 1662 1830 avaritae,
1677 1787 1725 1821 ut
1747 1781 1833 1821 iam
1851 1783 2059 1832 diximus,

391 1860 565 1899 semper
607 1847 776 1895 intenti,
815 1860 1021 1886 mucrone
1063 1860 1256 1896 corUSCO,
1290 1847 1372 1887 hoc
1410 1854 1476 1888 est
1504 1849 1639 1889 verbo
1676 1850 1771 1899 Dei,
1804 1857 1852 1891 ut
1889 1851 2060 1891 Helias1

395 1915 598 1968 egregius
621 1921 755 1963 vates,
778 1915 1015 1968 prostravit
1038 1922 1081 1955 et
1115 1915 1207 1955 zelo
1241 1916 1324 1956 Dei
1358 1924 1619 1967 commotus,
1649 1919 1896 1971 iniquorum
1921 1927 2062 1961 terrae

395 1984 557 2024 imbres
581 1985 780 2024 adimens
804 1984 1059 2033 aetheraleS,
1081 1998 1131 2024 ac
1154 1986 1188 2024 si
1223 1985 1464 2025 fortissimo
1496 1988 1665 2039 penurii
1694 1988 1896 2029 clustello
1922 1990 2061 2030 tribus
2079 2002 2116 2031 25

395 2053 521 2091 annis
545 2066 714 2104 sexque
738 2052 963 2092 mensibus
986 2052 1226 2101 obseratos,
1250 2053 1365 2093 fame
1387 2055 1459 2094 siti
1494 2056 1781 2096 moribundus
1811 2057 1853 2096 in
1887 2059 2062 2098 deserto

395 2127 662 2173 conquestus
711 2127 801 2161 est:
849 2121 1057 2170 Domine,
1095 2121 1309 2174 inquienS,
1336 2123 1569 2175 prophetas
1605 2130 1698 2164 lues
1737 2125 1975 2166 occiderunt
2023 2133 2064 2167 et

394 2190 557 2230 altaria
593 2197 669 2230 tua
696 2190 967 2242 suffidermet
990 2197 1031 2230 et
1056 2205 1128 2243 ego
1157 2191 1328 2231 relictus
1369 2206 1464 2232 sum
1495 2193 1613 2240 solus,
1645 2200 1685 2234 et
1723 2202 1937 2247 quaerunt
1966 2197 2059 2236 (mi-

395 2274 510 2299 mam
534 2274 672 2300 meam
689 2260 710 2300 .9

483 2328 595 2381 Quis
642 2342 792 2369 eorum
843 2329 1117 2369 carissimum
1168 2330 1433 2382 discipulum
1481 2332 1663 2371 terrenis
1706 2339 1835 2372 extra
1880 2334 2058 2374 solitum
2083 2336 2139 2382 7?-

395 2398 664 2450 ponderibus
697 2404 940 2446 oneratum,
963 2412 1076 2450 quae
1108 2405 1210 2438 ante
1243 2412 1294 2438 ea
1326 2412 1350 2438 a
1387 2413 1433 2438 se
1469 2413 1737 2453 magnopere
1772 2401 1872 2442 licet
1905 2410 2060 2455 rogato

395 2472 442 2506 ut
465 2467 683 2519 acciperet
706 2468 915 2520 despecta
939 2467 1135 2517 fuissent,
1149 2468 1230 2508 etsi
1255 2482 1340 2507 non
1365 2476 1579 2521 perpetua
1602 2469 1733 2522 lepra,
1751 2476 1798 2510 ut
1817 2471 2060 2520 Helisaeus,

395 2534 539 2574 saltim
565 2536 828 2588 expulsione
852 2536 1086 2576 multavit?

484 2604 541 2643 Et
577 2605 674 2656 quis
711 2618 768 2644 ex
808 2604 891 2643 illis
926 2618 1062 2656 puero
1100 2605 1142 2644 in
1178 2605 1294 2645 vitae
1328 2605 1636 2658 desperatione
1670 2609 1888 2647 aestuanti
1927 2615 2059 2661 atque

396 2672 616 2724 inproviso
654 2687 785 2725 super
818 2673 976 2712 bellico
1003 2673 1197 2713 hostium
1229 2681 1444 2727 apparatu
1475 2676 1710 2724 civitatem,
1735 2677 1774 2714 in
1809 2690 1894 2729 qua
1925 2684 2060 2726 crant,
2077 2685 2115 2714 35

394 2740 692 2780 obsidentium
736 2741 995 2781 tremefacto
1029 2743 1140 2782 inter
1173 2756 1265 2791 nos,
1299 2749 1346 2782 ut
1381 2743 1463 2792 ille,
1500 2744 1672 2782 animae
1710 2744 1838 2792 visus,
1876 2745 2058 2786 ferventi

393 2811 654 2850 exoratione
677 2812 731 2850 ad
757 2811 902 2850 Deum
938 2811 1065 2860 facta,
1098 2812 1158 2851 ita
1191 2819 1239 2852 ut
1272 2812 1428 2852 intueri
1466 2814 1625 2865 poterit
1656 2814 1936 2853 auxiliarium
1962 2829 2057 2854 cae—

395 2878 515 2918 lestis
558 2880 791 2927 exercitus,
833 2887 1103 2920 armatorum
1147 2895 1350 2921 curruum
1395 2895 1472 2921 ceu
1516 2883 1711 2934 equitum
1753 2883 1891 2934 ignito
1934 2884 2055 2923 vultu

394 2947 654 2999 fulgentium
683 2954 877 2987 montem
903 2948 1097 3000 plenum,
1115 2950 1333 3002 patefecit,
1348 2956 1390 2990 ct
1406 2950 1581 2990 credere
1603 2951 1707 3003 quin
1732 2951 1883 2991 fortior
1906 2952 2057 2992 fortior

464 3107 475 3127 ¹
503 3108 646 3150 Helias,
666 3108 874 3142 liclzlmeus.
926 3109 1007 3143 The
1026 3110 1140 3144 forms
1166 3111 1280 3144 Elias
1305 3111 1378 3144 and
1405 3112 1583 3144 Ell'sczeus
1612 3111 1653 3145 of
1678 3112 1739 3145 the
1759 3112 1956 3146 Erasmian
1977 3113 2051 3146 and

394 3165 624 3199 Clementine
651 3165 809 3199 editions
840 3167 881 3199 of
905 3167 967 3201 the
997 3169 1168 3212 Vulgate,
1197 3180 1259 3205 are
1289 3181 1371 3206 now
1399 3169 1623 3208 abandoned
1656 3169 1689 3203 in
1722 3169 1861 3208 critical
1892 3169 2052 3208 editions

392 3222 432 3255 os
445 3223 506 3261 the
528 3222 633 3256 Latin
655 3224 747 3256 New
766 3225 996 3264 Testament.
