2214 3556
373 257 398 301 3
408 255 430 300 7
440 239 467 288 6
1041 235 1086 288 V
1086 243 1156 290 ita
1187 242 1232 289 G
1237 240 1375 290 ildac.

372 391 395 417 a
417 378 643 418 comitissa
665 385 707 419 et
731 379 988 419 consiliariis
1023 380 1115 420 eius
1139 380 1423 432 maximeque
1461 379 1515 418 ab
1551 379 1761 431 episcopo
1784 375 2023 420 Venetensi

376 446 608 496 Iudicaele,
642 448 714 500 qui
757 461 856 488 eum
900 449 1026 488 unice
1069 448 1292 501 diligebat,
1329 449 1471 501 primo
1507 447 1684 499 quidem
1721 461 1855 499 parva
1889 447 2030 488 erexit

373 515 623 556 habitacula
647 516 687 555 in
722 530 854 569 supra
875 517 1004 557 dictis
1028 517 1145 557 locis.
1211 518 1349 557 Erant
1385 530 1486 556 vero
1510 516 1672 556 ibidem
1696 516 1904 556 ecclesiae
1938 516 2030 555 sine

375 584 502 623 tectis
525 590 568 624 et
605 597 661 624 ex
698 591 822 636 parte
850 586 1022 625 dirutae
1046 592 1088 625 et
1121 586 1233 625 inter
1266 586 1383 637 ipsos
1420 584 1608 637 parietes
1631 597 1824 623 annosae
1857 584 2032 623 arbores

372 658 611 700 creverant,
635 652 710 692 sed
735 658 778 692 et
800 652 913 692 ostia
950 653 1045 705 ipsa
1067 652 1286 705 quaedam
1310 652 1626 692 concluserant.
1692 652 1825 692 Nulla
1849 651 1905 691 ibi
1930 658 2032 692 tunc
2073 670 2088 697 5

372 720 658 760 habitationis
695 721 854 761 domus
887 729 991 771 erat,
1029 722 1149 761 nulla
1181 722 1371 761 hominis
1409 721 1696 770 conversatio,
1719 722 1795 761 sed
1829 728 1951 761 erant
1991 722 2030 761 in

372 789 476 841 ipsis
518 789 651 829 etiam
689 789 882 829 ecclesiis
927 790 1088 830 cubilia
1124 790 1324 831 ferarum.
1390 791 1638 831 Videbatur
1680 804 1784 843 ergo
1827 791 2032 831 omnibus

372 857 638 897 laboriosum
662 858 790 898 valde
828 865 871 898 et
905 859 1081 899 difficile
1116 860 1295 912 aggredi
1333 867 1423 900 tam
1451 860 1715 900 immensum
1754 874 1875 913 opus
1940 861 2027 902 Sed

372 923 443 962 ille
466 923 631 963 habens
665 923 871 964 fiduciam
910 925 952 964 in
982 925 1178 965 Domino
1202 940 1286 965 non
1326 926 1547 966 dubitavit
1583 927 1790 967 invadere
1814 927 1919 967 illud
1952 941 2030 967 nec

371 991 451 1031 fuit
483 1005 560 1044 spe
583 1006 661 1032 sua
699 992 941 1033 frustratus
1008 994 1123 1034 Nam
1164 994 1276 1034 infra
1309 1009 1473 1047 paucos
1506 995 1598 1035 (lies
1637 1003 1937 1036 convenerunt
1973 996 2027 1036 ad
2055 1019 2089 1037 10

372 1074 472 1100 eum
496 1061 652 1113 optimi
677 1068 719 1101 et
742 1061 931 1115 religiosi
969 1063 1060 1112 viri,
1084 1077 1271 1116 quorum
1311 1064 1530 1105 adiutorio
1559 1072 1602 1105 et
1625 1065 1830 1105 ecclesias
1870 1073 2033 1106 restau-

372 1130 482 1170 ravit
505 1136 547 1169 et
571 1129 729 1169 domos
762 1129 1022 1179 aedificavit,
1044 1131 1194 1171 vincas
1219 1132 1437 1184 plantavit
1462 1140 1597 1184 atque
1633 1134 1857 1185 pomarias
1890 1133 1946 1173 ab
1968 1133 2035 1173 his

372 1199 505 1238 etiam
531 1199 652 1251 pueri
676 1199 854 1239 enutriti
879 1199 919 1239 in
946 1200 1030 1240 Dei
1054 1200 1232 1240 servitio
1255 1200 1383 1241 fuere.

464 1324 544 1364 Per
591 1324 706 1364 idem
740 1331 915 1379 tempus
953 1325 1151 1365 Britanni
1201 1326 1360 1365 iterum
1396 1326 1437 1364 in
1477 1326 1738 1366 seditionem
1776 1325 1887 1365 versi
1922 1325 2036 1365 bella
2057 1332 2114 1379 37

373 1400 720 1434 commoverunt.
787 1394 903 1434 Nam
932 1395 1078 1435 rustici
1104 1395 1381 1446 insurgentes
1407 1401 1559 1435 contra
1583 1396 1786 1435 dominos
1810 1409 1911 1435 suos
1934 1409 2036 1435 con·
2056 1416 2090 1444 15

370 1470 629 1515 gregantur:
647 1470 691 1503 at
707 1463 877 1503 nobiles
896 1464 1047 1504 iuncto
1063 1477 1212 1503 secum
1229 1465 1390 1504 comite
1402 1464 1565 1504 Alano1
1581 1466 1759 1517 agmina
1774 1465 2034 1504 rusticorum

372 1532 600 1581 invadunt,
633 1532 867 1581 trucidant,
900 1533 1173 1585 dispergunt,
1207 1540 1541 1586 persequuntur,
1564 1535 1771 1586 quoniam
1810 1535 1902 1574 sine
1925 1535 2035 1574 duce

369 1607 412 1640 et
434 1601 528 1640 sine
550 1601 733 1640 consilio
771 1608 981 1641 venerant
1014 1602 1055 1640 in
1096 1601 1322 1653 proelium.
1388 1602 1563 1642 Deinde
1599 1603 1779 1654 quidam
1820 1602 2032 1642 nobilium

371 1669 703 1710 insurrexerunt
740 1677 894 1710 contra
932 1671 1154 1718 comitem,
1192 1671 1268 1710 sed
1312 1684 1398 1710 non
1443 1671 1792 1723 praevaluerunt,
1825 1672 2033 1723 quoniam

371 1738 463 1790 ipse
485 1739 549 1777 vir
564 1738 748 1789 ignavus
771 1746 813 1778 et
832 1740 924 1778 sine
943 1739 1125 1778 scientia
1148 1753 1235 1778 non
1256 1746 1358 1779 erat.
1417 1740 1536 1779 Inter
1561 1740 1639 1780 hos
1655 1740 1869 1780 tumultus
1895 1739 2035 1790 Felix,
2055 1761 2092 1779 20

370 1807 580 1859 quoniam
616 1821 700 1847 non
721 1814 894 1860 poterat
916 1808 1063 1860 quiete
1095 1814 1138 1847 et
1173 1808 1354 1860 pacifice
1375 1809 1529 1857 vivere,
1553 1810 1711 1849 statuit
1734 1810 1788 1849 ad
1814 1816 2033 1849 monaste-

371 1877 480 1917 rium
515 1891 641 1916 suum
686 1877 836 1925 redire,
879 1891 980 1917 nam
1027 1878 1299 1917 sedecimum
1344 1891 1508 1917 annum
1544 1877 1718 1930 agebat,
1759 1892 1816 1917 ex
1850 1892 1937 1930 quo
1979 1878 2034 1918 ab

369 1946 531 1986 abbate
573 1960 653 1986 suo
703 1946 865 1986 ibidem
920 1946 1204 1986 transmissus
1252 1946 1402 1986 fuerat.
1496 1946 1715 1986 Conatum
1753 1961 1855 1986 vero
1899 1947 2034 1999 ipsius

369 2015 597 2067 praevenit
625 2016 886 2068 Hadegogis
904 2015 1140 2055 comitissa.
1198 2015 1320 2055 Misit
1337 2029 1531 2067 namque
1554 2029 1630 2068 per
1644 2016 1865 2068 quendam
1884 2016 2035 2064 virum,

368 2085 564 2137 quicum
604 2099 655 2124 eo
691 2085 915 2137 pergebat,
949 2085 1129 2124 nomine
1164 2084 1295 2124 Filim
1330 2084 1562 2136 epistolam
1598 2085 1651 2123 ad
1686 2084 1892 2124 abbatem
1922 2085 2034 2124 illius
2081 2107 2092 2126 ;

368 2168 540 2207 rogans,
564 2168 617 2194 ne
651 2154 739 2193 ullo
772 2155 906 2194 modo
929 2167 1029 2193 eum
1064 2154 1282 2202 retineret,
1308 2154 1383 2193 sed
1409 2153 1582 2193 abbatis
1618 2154 1655 2192 ei
1680 2154 2033 2194 benedictionem

369 2224 493 2264 daret
516 2230 559 2264 et
582 2223 637 2263 ad
662 2237 706 2262 se
731 2223 851 2263 illum
882 2223 1039 2263 iterum
1060 2223 1391 2271 transmitteret,
1414 2223 1623 2275 quoniam
1649 2222 1723 2262 filii
1748 2223 1840 2263 eius
1866 2222 2035 2263 Alanus

369 2299 411 2332 et
437 2292 567 2332 Eudo
586 2292 670 2331 iam
696 2292 834 2332 adulti
858 2293 999 2345 parati
1023 2299 1147 2332 erant
1181 2291 1388 2344 perficere
1411 2292 1571 2341 omnia,
1603 2306 1716 2344 quae
1739 2299 1862 2345 pater
1884 2305 2034 2332 eorum

371 2361 408 2401 ei
433 2361 705 2413 promiserat.

2056 2107 2072 2125 Ι»)

463 2488 576 2529 Cum
611 2488 742 2540 igitur
765 2488 942 2540 legisset
972 2488 1212 2529 Gauzlinus
1245 2489 1382 2529 abbas
1404 2489 1650 2541 epistolam,
1682 2496 1809 2529 vocat
1844 2489 2034 2529 Felicem
2059 2498 2118 2554 38

380 2557 646 2596 monachum
684 2557 1025 2610 interrogatque,
1061 2557 1115 2597 ad
1154 2557 1258 2609 quid
1292 2559 1461 2597 venerit
1495 2558 1560 2597 vel
1585 2571 1660 2597 cur
1693 2558 1907 2598 dimiserit
1943 2558 2036 2597 loca

379 2626 472 2678 ipsa
510 2631 552 2665 et
596 2627 997 2678 congregationem,
1039 2640 1172 2678 quam
1213 2627 1249 2665 ei
1296 2626 1588 2666 commiserat.
1668 2626 1771 2665 lllc:
1813 2626 2037 2675 Quoniam,

379 2695 531 2747 inquit,
555 2709 625 2734 nec
653 2695 824 2748 pacifice
853 2709 982 2747 neque
1014 2709 1107 2734 cnm
1145 2695 1281 2746 quiete
1305 2701 1480 2746 possum
1515 2694 1577 2733 iln'
1605 2694 1694 2734 Deo
1724 2695 1893 2734 servire.
1957 2695 2037 2735 Cui

379 2764 538 2803 abbas:
582 2764 645 2802 Tu
682 2770 823 2804 aulem
859 2764 904 2803 2⁴72
940 2771 1015 2803 lna
1041 2770 1173 2816 putas
1206 2763 1356 2803 habere
1382 2763 1546 2815 patria,
1579 2763 1693 2816 qaod
1725 2763 1922 2804 Christus
1958 2778 2038 2804 non

380 2833 531 2873 laabm't
564 2834 608 2872 in
641 2848 720 2873 saa
741 2835 765 2873 ,9
828 2833 884 2873 Si
915 2833 1054 2886 egitur
1087 2832 1149 2872 ad
1179 2832 1399 2874 Christum
1435 2832 1501 2871 vis
1524 2832 1761 2884 pavemus,
1783 2833 1911 2881 debes,
1932 2833 2039 2872 sicut
2058 2851 2094 2878 33

169 2916 207 2943 la.
230 2916 258 2947 ii,
277 2917 303 2943 6.
380 2908 418 2941 el
452 2902 521 2941 ille
555 2902 804 2951 mnbulavil,
827 2909 865 2942 et
898 2909 943 2942 tu
975 2901 1208 2941 ambulare.
1290 2902 1378 2941 Per
1400 2901 1557 2941 multas
1585 2901 1697 2941 enim
1735 2901 2040 2951 lribulaffoms,

137 2981 206 3009 Act.
227 2981 286 3013 xiv,
305 2990 349 3009 22.
381 2972 492 3010 sicut
536 2971 641 3010 dicit
684 2972 910 3023 apostolus
953 2978 1110 3022 oportet
1147 2985 1220 3010 uos
1255 2971 1421 3010 intrare
1463 2970 1506 3009 in
1543 2984 1721 3023 regnum
1764 2971 1858 3011 Dei.
1924 2971 2041 3024 Ergo

454 3153 460 3172 ¹
499 3156 609 3187 Some
628 3154 668 3187 of
688 3154 749 3187 the
769 3154 1003 3189 best-known
1023 3167 1153 3189 names
1172 3155 1265 3189 have
1284 3156 1378 3190 been
1397 3162 1460 3200 put
1481 3154 1516 3188 in
1535 3154 1630 3188 their
1650 3156 1794 3189 French
1814 3156 1905 3189 form
1927 3155 1961 3189 in
1982 3156 2043 3190 the

388 3210 622 3253 translation,
645 3212 733 3245 such
754 3223 794 3246 as
816 3212 960 3256 Fleury,
980 3212 1100 3255 Alam,
1123 3213 1300 3256 Havoise‚
1320 3212 1463 3255 Coslin‚
1482 3219 1549 3246 etc.
