2173 3556
397 240 488 287 130
892 222 971 275 De
997 227 1207 275 Excidio
1231 225 1547 274 Britanniae.

392 363 470 397 side
488 365 537 408 by
550 363 639 407 side,
655 365 832 408 Jcrome's
851 363 1010 397 revision
1030 363 1103 396 and
1121 363 1281 397 Gildas's
1300 370 1385 406 text,
1401 375 1442 397 so
1461 375 1501 397 as
1521 370 1558 397 to
1576 363 1677 396 show
1693 362 1754 396 the
1773 360 1928 395 omitted
1946 359 2050 394 lines.

392 419 462 452 But
481 419 608 453 before
627 429 680 452 we
699 419 784 452 look
803 425 840 452 at
858 419 972 461 them,
991 417 1017 452 it
1035 429 1121 462 may
1139 418 1185 451 be
1204 418 1283 452 well
1303 425 1340 452 to
1358 418 1448 452 bear
1466 417 1502 451 in
1533 417 1635 451 mind
1654 418 1736 451 how
1754 427 1843 460 easy
1862 415 1887 450 it
1906 427 1980 449 was
1999 415 2054 449 for

387 477 494 510 these
513 476 691 510 asterisks
711 483 748 510 to
762 477 824 510 fall
843 487 947 520 away
978 475 1013 509 in
1043 476 1179 520 places,
1208 475 1413 520 especially
1446 487 1488 509 as
1518 487 1631 519 many
1652 474 1759 508 Latin
1778 474 1929 517 writers,
1956 474 2052 507 from

387 533 596 578 Augustine
615 534 734 577 down,
754 545 819 568 use
838 533 911 567 this
930 533 1076 567 revised
1106 532 1251 567 version
1280 532 1497 576 containing
1515 534 1576 566 the
1595 533 1718 566 added
1737 531 1840 574 lines,
1859 532 1924 565 but
1942 531 2051 564 make

386 603 434 625 no
449 590 664 626 distinction
682 592 850 626 between
869 592 932 625 the
950 602 1075 625 verses
1094 602 1136 624 so
1154 591 1309 624 marked
1327 591 1401 624 and
1428 591 1490 625 the
1509 591 1647 624 others.
1702 589 1843 633 Origen
1862 589 2051 634 expressly

386 656 501 683 states
523 650 602 684 that
622 650 726 684 there
745 661 840 683 were
859 649 1102 694 “frequently
1120 649 1223 682 three
1253 660 1295 682 or
1324 648 1416 691 four,
1450 648 1666 682 sometimes
1686 648 1853 682 fourteen
1883 659 1924 681 or
1950 646 2051 680 nine-

384 714 469 741 teen
487 719 612 742 verses
625 709 640 723 '’
659 707 825 750 omitted,
845 708 909 741 but
928 706 1073 741 neither
1094 706 1253 751 Migne's
1282 718 1349 740 nor
1374 706 1574 741 Sabatier's
1593 708 1732 751 reprint
1751 717 1872 740 seems
1892 713 1929 740 to
1949 706 2050 739 show

383 764 456 799 this
475 773 599 799 extent
618 766 659 799 of
673 764 862 799 omission.
917 764 1101 809 Caspari's
1130 771 1215 807 text,
1248 764 1396 809 printed
1424 764 1460 798 in
1498 764 1613 808 1893,¹
1634 765 1755 798 shows
1783 776 1806 798 a
1837 764 1904 798 few
1923 764 2049 797 verbal

384 823 616 865 differences,
637 830 701 857 not
720 835 807 867 very
838 822 1018 865 material,
1048 823 1138 856 such
1163 834 1204 856 as
1237 824 1415 856 emittunt
1443 823 1498 856 for
1527 827 1563 857 et
1589 823 1756 865 mittunt,
1773 823 1870 856 sicut
1885 833 1970 855 oves
1995 822 2051 855 for

386 883 485 916 sicut
498 883 663 927 zbzfimtes
680 894 766 915 suos
784 882 819 915 in
839 881 908 925 xxi,
944 891 994 924 11,
1023 882 1198 914 abierunt
1214 881 1270 915 for
1299 882 1503 926 abegerunt
1520 881 1556 915 in
1575 881 1669 924 xxiV,
1691 891 1719 924 3.
1773 880 1992 923 Otherwise,
2012 880 2047 913 in

386 941 448 975 the
467 941 580 982 main,
599 952 653 975 we
683 941 778 975 have
797 947 1013 988 agreement
1031 939 1117 973 with
1145 940 1206 973 the
1237 946 1333 974 texts
1363 939 1473 983 given
1493 939 1528 973 in
1556 941 1618 974 the
1646 939 1804 984 reprints
1831 939 1978 973 named.
2035 939 2046 971 1

384 1000 479 1034 have
498 1007 562 1034 not
581 1000 705 1034 added
723 1000 786 1034 the
803 999 925 1033 obelus
943 998 1077 1032 affixed
1096 1004 1134 1031 to
1154 998 1274 1031 words
1305 997 1379 1031 and
1408 999 1563 1043 phrases
1584 1010 1591 1039 ;
1617 998 1679 1031 the
1697 996 1799 1031 chief
1813 996 1916 1041 point
1933 996 1989 1029 for
2006 1007 2049 1029 us

386 1066 424 1093 to
457 1059 614 1092 observe
645 1058 675 1092 is
709 1058 790 1092 that
825 1058 888 1091 the
922 1056 1028 1099 lines,
1048 1056 1215 1100 phrases,
1242 1067 1284 1089 or
1302 1056 1435 1097 words,
1460 1055 1616 1090 marked
1643 1056 1693 1099 by
1716 1067 1763 1089 an
1791 1053 1961 1097 asterisk,
1985 1065 2047 1087 are

383 1117 516 1150 absent
530 1117 624 1150 from
643 1116 705 1150 the
721 1122 795 1150 text
814 1115 856 1149 of
871 1114 1012 1149 Gildas.
1057 1112 1149 1147 This
1168 1124 1298 1147 means
1318 1114 1397 1147 that
1417 1114 1481 1148 the
1498 1113 1637 1147 British
1652 1113 1802 1154 church,
1816 1111 1851 1145 in
1871 1112 1933 1145 the
1953 1111 2049 1145 sixth

381 1181 545 1218 century,
565 1180 603 1208 at
621 1185 643 1207 a
661 1173 750 1208 time
768 1173 875 1207 when
894 1173 956 1206 the
974 1172 1137 1215 Vulgate
1155 1171 1197 1204 of
1221 1171 1373 1214 Jerome
1404 1183 1480 1205 was
1512 1170 1663 1214 coming
1692 1169 1769 1204 into
1794 1169 1952 1212 fashion,
1978 1168 2049 1202 still

381 1229 472 1263 read
489 1240 512 1262 a
529 1230 623 1263 form
642 1229 767 1273 ofJob
786 1228 866 1262 that
884 1227 1030 1261 needed
1050 1225 1364 1270 supplementing.

676 1320 844 1353 G1LDAs.
1162 1316 1367 1359 JERoMss's
1386 1318 1598 1351 RssvrsroN.
1629 1324 1706 1349 A.D.
1728 1325 1805 1358 392.
1834 1315 2049 1358 (Sabatier.)

1122 1383 1192 1425 xxi,
1212 1392 1306 1428 7-13.

405 1455 434 1488 7.
463 1448 617 1491 Propter
634 1445 724 1491 quid
742 1444 843 1490 impii
863 1444 1016 1479 vivunt?

466 1512 502 1539 et
521 1512 721 1539 senuerunt
740 1504 947 1547 inhoneste,

403 1563 432 1596 8.
461 1569 497 1597 et
522 1574 649 1597 semen
668 1574 796 1597 eorum
815 1562 1019 1596 secundum
1038 1561 1182 1595 deside-

519 1620 613 1654 rium
631 1632 770 1663 eorum,

466 1685 503 1712 et
538 1677 602 1712 filii
645 1690 770 1712 eorum
815 1684 901 1712 ante
943 1685 1183 1721 conspectum

522 1748 661 1779 eorum,

401 1805 433 1838 9.
461 1802 496 1828 ct
531 1795 665 1828 domus
699 1806 828 1829 eorum
858 1794 1067 1828 fructuosae
1097 1802 1181 1828 sunt

519 1859 555 1886 et
573 1851 682 1886 timor
699 1863 901 1896 nunquam,

464 1923 533 1946 nec
552 1911 662 1956 plaga
680 1909 821 1944 domini
840 1917 895 1943 est
914 1921 1024 1954 super
1041 1921 1116 1943 eos.

384 1977 433 2000 10.
460 1968 587 2000 Vacca
605 1977 731 2000 eorum
751 1976 825 1999 non
843 1964 1027 2008 abortivit,

462 2086 498 2113 et
526 2089 738 2123 praegnans
765 2089 893 2111 eorum
922 2077 1071 2122 pertulit
1103 2090 1182 2122 par-

516 2144 594 2171 tum
615 2144 650 2170 et
670 2147 745 2170 non
764 2136 910 2179 erravit,

384 2264 433 2287 11.
463 2253 528 2287 sed
547 2259 739 2297 permanet
760 2251 853 2285 sicut
879 2262 967 2285 oves
994 2260 1178 2295 aeternae,

462 2377 497 2404 et
517 2369 617 2415 pueri
638 2380 764 2403 eorum
783 2368 960 2412 gaudent,

382 2435 430 2458 12.
459 2432 494 2459 et
507 2424 723 2469 psalterium
733 2430 923 2458 sumentes
938 2430 973 2458 et
986 2422 1177 2457 citheram.

380 2550 430 2583 13.
459 2539 631 2574 finierunt
651 2539 686 2573 in
716 2538 825 2573 bonis
844 2538 957 2573 vitam
977 2550 1094 2581 suam,

462 2598 496 2631 in
517 2597 684 2643 requiem
713 2597 913 2631 inferorum
939 2596 1179 2632 dormierunt.

1267 1445 1393 1487 Quare
1412 1443 1513 1489 impii
1533 1443 1659 1478 vivunt

1263 1508 1300 1535 et
1318 1509 1518 1537 senuerunt
1533 1501 1569 1536 in
1588 1500 1750 1535 divitiis?

1265 1569 1392 1591 semen
1423 1569 1549 1591 eorum
1581 1557 1785 1591 secundum
1821 1555 2045 1590 desiderium

1336 1614 1483 1649 animae

1266 1679 1301 1707 et
1320 1681 1476 1718 nepotes
1495 1685 1635 1716 eorum,
1653 1679 1740 1706 ante
1766 1672 1903 1706 oculos.

1268 1790 1411 1823 Domus
1445 1800 1573 1823 eorum
1606 1787 1842 1822 abundantes
1868 1794 1903 1821 et
1937 1787 2048 1821 timor

1332 1859 1526 1892 nusquam,

1264 1918 1332 1940 nec
1352 1907 1539 1951 flagellum
1559 1904 1698 1939 domini
1719 1912 1773 1938 est
1793 1915 1904 1948 super
1921 1916 1995 1938 eos.

1266 1966 1415 1999 Vaccae
1428 1976 1555 1998 eorum
1568 1963 1821 2007 concipientes
1836 1973 1909 1996 non
1922 1962 2042 1996 abort-

1335 2027 1408 2061 ant,

1264 2082 1300 2109 et
1319 2075 1418 2109 foeta
1436 2086 1563 2108 eorum
1583 2072 1750 2116 salvavit,
1769 2079 1804 2106 et
1824 2072 1974 2117 peperit.

1235 2194 1311 2227 *Et
1330 2192 1480 2226 mittunt
1500 2190 1594 2225 sicut
1612 2190 1772 2224 infantes
1791 2189 1906 2224 suos.²

1260 2259 1295 2286 et
1336 2256 1556 2295 permanent
1598 2248 1690 2283 sicut
1744 2255 1913 2282 vetustae
1955 2260 2043 2282 oves

1335 2319 1475 2351 eorum,

1261 2374 1295 2401 et
1316 2364 1457 2411 parvuli
1477 2376 1605 2399 eorum
1624 2364 1712 2397 ludo
1731 2375 1769 2397 se
1789 2371 2002 2408 provocant.

1260 2426 1406 2459 Tenent
1426 2421 1640 2468 psalterium
1659 2428 1694 2455 et
1714 2421 1904 2464 citheram,
1947 2419 1950 2421 ⁷

1236 2481 1294 2517 *et
1312 2483 1499 2516 laetantur
1517 2481 1564 2514 ad
1582 2491 1711 2514 vocem
1731 2479 1913 2523 *organiss

1262 2541 1311 2574 Et
1331 2539 1503 2574 finierunt
1522 2537 1558 2571 in
1577 2537 1687 2571 bonis
1704 2537 1819 2571 vitam
1838 2549 1954 2581 suam,

1261 2605 1373 2642 atque
1394 2608 1429 2630 in
1448 2594 1575 2640 requie
1595 2594 1725 2628 inferni
1744 2594 1983 2628 dormierunt.

1102 2666 1172 2709 xxi,
1196 2675 1309 2709 17-20.

384 2734 432 2767 17.
464 2726 538 2761 Sed
557 2727 707 2760 lucerna
725 2725 920 2771 impiorum
936 2724 1179 2768 extinguetur,

461 2850 496 2876 et
516 2842 750 2887 superveniet
769 2841 822 2876 eis
841 2840 996 2884 eversio,

460 2908 495 2935 et
529 2902 677 2935 dolores
711 2907 903 2945 tamquam
938 2898 1177 2944 parturientis

516 2971 580 2993 eos
599 2960 647 2993 al)
666 2958 719 2992 ira
736 2958 926 2992 tenebunt.

1264 2726 1346 2759 Iino
1379 2735 1467 2758 vero
1501 2723 1650 2756 lucerna
1693 2720 1889 2765 impiorum
1924 2722 2039 2756 extin-

1328 2789 1470 2827 guetur,

1257 2848 1292 2875 et
1312 2838 1546 2884 superveniet
1562 2837 1614 2871 eis
1632 2836 1787 2870 eversio.

1261 2899 1420 2932 Dolores
1439 2903 1562 2931 autem
1582 2895 1759 2929 tenebunt
1779 2907 1842 2929 eos
1861 2897 1909 2930 ab
1928 2896 1990 2939 ira,

444 3088 453 3107 ¹
484 3089 563 3121 Das
585 3088 686 3121 l’mcli
710 3086 810 3121 Hiob
841 3086 876 3120 in
899 3086 1032 3120 Hier.'s
1058 3087 1310 3131 chrsclzzmg
1335 3098 1405 3120 aus
1429 3086 1496 3120 der
1511 3086 1620 3120 Alex.
1645 3087 1792 3120 Is'crsz'on
1811 3087 1904 3120 naclz
1933 3087 2037 3120 einen

378 3146 553 3179 (iszlleuer
568 3145 829 3189 Handrclzrisl,
846 3155 941 3178 saec.
962 3143 1033 3178 viii.

1087 3145 1322 3187 Christiania,
1342 3145 1438 3187 1893.

444 3202 456 3223 2
486 3202 652 3236 Omitted
673 3201 707 3235 in
727 3201 875 3236 codices
894 3202 927 3234 Α
948 3202 976 3234 Β
995 3198 1031 3239 ἃ
1050 3201 1092 3234 of
1104 3201 1166 3234 the
1188 3201 1301 3234 LXX.

1649 3198 1662 3219 ³
1689 3200 1791 3245 φωνῇ
1809 3199 1965 3245 ψαλμοῦ.
