2173 3556
126 588 217 624 δορὴ.
237 587 256 620 i,
277 595 333 623 142
357 585 385 619 ii,

168 636 193 656 1.

126 1483 205 1519 Age.
227 1482 255 1515 ii,
274 1491 321 1515 22,
340 1491 386 1519 23.

130 1760 223 1789 Zac‘ll.
243 1759 262 1793 i,
281 1769 308 1797 3,
324 1768 352 1795 4.

133 2035 226 2063 Zaclz.
243 2044 269 2068 v,
283 2044 310 2068 2,
326 2044 352 2072 3,
365 2044 392 2071 4.

422 254 511 298 124
920 236 999 285 De
1025 236 1237 284 Excidio
1261 235 1576 283 Britanniae.

411 375 456 416 in
497 376 662 416 saccello
703 374 895 428 pondera
935 374 1088 424 dolosa,
1129 388 1180 414 ex
1218 372 1370 427 quibus
1410 371 1591 412 divitias
1630 385 1732 411 suas
1773 369 1817 410 in
1860 366 2074 420 impietate

410 447 677 498 repleverunt
690 446 716 485 Ρ

500 515 586 556 Sed
625 522 668 554 et
711 512 960 566 Sophonias
1003 512 1219 565 propheta
1273 511 1414 550 clarus
1469 523 1578 563 quas
1631 508 1772 548 minas
1815 510 2072 558 exaggerat,
2095 508 2153 554 55

410 585 559 624 audite
583 599 590 623 :
633 583 770 635 Prope
816 588 886 629 est,
929 582 1080 634 inquit,
1121 580 1211 620 dies
1252 579 1436 620 Domini
1467 592 1660 631 magnus,
1694 583 1825 630 prope
1868 581 1909 615 et
1953 574 2073 614 velox

408 652 540 692 valde.
596 652 685 692 Vox
707 651 790 691 Dei
810 650 1009 690 Domz‘m'1
1031 663 1185 689 aumra
1206 649 1433 689 constituta
1454 654 1516 688 est
1534 654 1575 687 et
1585 653 1743 699 potens,
1763 645 1853 686 dies
1875 644 1965 684 irae
1985 643 2075 682 dies
2113 653 2129 680 5

409 722 489 771 illc,
507 721 595 761 dies
617 719 907 760 tribulationis
927 725 968 758 et
988 718 1254 767 necessitatis,
1272 717 1360 757 dies
1382 716 1506 756 nubis
1526 722 1566 756 et
1587 715 1769 764 nebulae,
1783 713 1871 754 (lies
1894 713 2016 752 tubae
2035 718 2077 751 et

408 791 616 837 clamoris,
638 790 727 829 dies
753 788 949 828 miseriae
969 794 1009 827 et
1029 786 1407 835 externiinationis,
1422 785 1512 825 dies
1530 785 1798 824 tenebrarum
1821 789 1862 822 et
1876 780 2075 834 caliginis

407 867 536 912 super
567 858 758 899 civitates
782 858 945 911 firmas
990 863 1030 897 et
1063 863 1191 908 super
1223 855 1403 907 angulos
1445 854 1629 894 excelsos.
1688 853 1728 892 E
1732 859 1750 892 t
1789 849 2074 892 contribulabo

408 929 607 977 homines,
629 934 669 968 et
690 927 813 967 ibunt
831 926 942 966 sicut
968 925 1084 974 caeci,
1121 924 1224 977 quia
1261 923 1446 964 Domino
1473 928 1764 975 peccaverunt,
1797 927 1838 961 et
1856 919 2074 973 effundam

409 997 662 1050 sanguinem
696 995 806 1035 sicut
835 995 1056 1047 pulverem
1098 1000 1139 1033 et
1177 1007 1323 1032 carnes
1362 1006 1504 1032 eorum
1538 991 1648 1031 sicut
1675 990 1836 1044 fimum
1872 988 2005 1036 boum,
2038 993 2078 1027 et
2097 995 2133 1014 10

408 1072 633 1119 (ligantum
655 1079 798 1105 eornm
820 1070 861 1104 et
879 1077 1036 1104 aurum
1060 1077 1141 1102 non
1153 1061 1316 1114 poterit
1335 1061 1514 1101 eximere
1534 1074 1598 1100 eos
1620 1059 1665 1099 in
1688 1058 1755 1098 die
1777 1058 1868 1098 irae
1882 1055 2073 1097 Domini.

409 1135 471 1175 Et
491 1135 536 1174 in
559 1135 655 1187 igne
675 1133 760 1174 zeli
776 1133 866 1173 eius
886 1137 1155 1172 consumetur
1174 1130 1312 1170 omnis
1346 1136 1462 1170 terra
1483 1129 1654 1182 quando
1674 1125 2075 1167 consummationem

409 1211 449 1244 et
467 1203 737 1244 solitudinem
747 1201 888 1254 faciet
922 1200 1137 1240 Dominus
1168 1206 1296 1251 super
1326 1213 1467 1239 omnes
1494 1203 1797 1238 commorantes
1819 1195 1863 1235 in
1887 1194 2077 1235 terram.2

413 1271 638 1313 Convenite
658 1277 699 1310 et
717 1268 1038 1322 coniungimini,
1053 1282 1162 1321 gens
1187 1267 1519 1319 indisciplinata,
1547 1266 1809 1318 priusquam
1831 1262 2080 1316 efficiamini

407 1340 611 1394 sicutflos
621 1338 897 1392 praeteriens,
910 1337 1171 1390 priusquam
1194 1336 1341 1376 veniat
1358 1342 1485 1388 super
1504 1349 1576 1374 vos
1598 1334 1668 1374 ira
1690 1332 1880 1373 Domini.
2099 1337 2133 1364 ¹5

498 1411 556 1450 Et
578 1409 682 1462 quid
709 1408 920 1461 Aggaeus
943 1413 1122 1447 sanctus
1161 1405 1378 1459 propheta
1400 1405 1531 1453 dicat,
1553 1403 1772 1444 attendite
1792 1417 1799 1443 :
1833 1401 1955 1442 Haec
1973 1400 2079 1440 dicit
2099 1389 2159 1445 56

410 1478 653 1519 Dominus:
684 1477 814 1517 semel
830 1490 901 1529 ego
936 1475 1100 1515 movebo
1133 1475 1292 1514 caelum
1314 1480 1355 1514 et
1390 1480 1549 1514 terram
1583 1479 1624 1513 et
1645 1486 1762 1512 mare
1782 1477 1823 1511 et
1841 1470 2015 1511 aridum
2037 1476 2079 1510 et

409 1555 602 1589 avertam
626 1560 803 1600 regnum
826 1552 866 1586 et
899 1544 1183 1585 exterminabo
1205 1543 1407 1583 virtutem
1430 1556 1577 1595 regum
1604 1541 1801 1595 gentium
1823 1546 1864 1580 et
1882 1545 2075 1580 avertam

410 1618 647 1672 quadrigas
668 1624 707 1657 et
727 1629 969 1656 ascensores.

500 1687 629 1727 Nunc
672 1699 846 1739 quoque
879 1684 983 1737 quid
1028 1682 1262 1723 Zacharias
1304 1681 1417 1721 filius
1463 1681 1596 1721 Addo
1638 1680 1854 1733 propheta
1895 1678 2076 1719 electus3
2099 1686 2157 1732 57

414 1756 590 1804 dixerit,
613 1753 856 1801 intuemini,
878 1752 961 1792 hoc
997 1751 1130 1791 modo
1168 1750 1446 1804 prophetiam
1471 1762 1593 1789 suam
1618 1748 1855 1788 exordiens
1876 1763 1883 1787 ε
1918 1747 2076 1786 Rever-

417 1824 565 1864 timini
583 1824 643 1863 ad
662 1837 725 1863 me
745 1829 785 1862 et
820 1827 1012 1861 revertar
1042 1820 1104 1860 aa'
1131 1834 1214 1869 vos,
1247 1819 1352 1859 dicit
1371 1818 1596 1866 Dominus,
1632 1824 1673 1857 et
1712 1817 1838 1857 nolite
1859 1816 1963 1856 tales
1983 1828 2078 1863 esse,

414 1892 524 1931 sicut
534 1898 684 1943 patres
719 1890 861 1938 vestri,
895 1889 1047 1942 quibus
1083 1888 1407 1940 imputaverunt
1426 1886 1655 1939 prophetae
1679 1886 1850 1938 priores
1869 1884 2049 1924 dicentes
2063 1898 2077 1924 .·

416 1960 519 1999 llaec
539 1959 645 1999 dicit
665 1958 881 1998 Dominus
917 1957 1208 2009 omnipotens:
1240 1955 1419 1995 avertite
1451 1969 1523 1994 vos
1555 1969 1581 1994 a
1615 1954 1700 1994 viis
1721 1953 1905 1994 vestris:
1936 1958 1977 1992 et
1997 1966 2078 1991 non

416 2029 699 2076 intenderunt,
734 2034 783 2067 ut
803 2026 1057 2067 obaudirent
1089 2040 1160 2065 me.
1226 2025 1282 2064 Et
1307 2024 1417 2064 infra
1439 2039 1446 2064 ε
1478 2023 1540 2063 Et
1573 2023 1689 2063 divit
1707 2022 1770 2062 ad
1786 2037 1850 2062 me
1870 2021 2045 2074 angelus
2065 2035 2078 2061 .·
2098 2037 2135 2065 25

414 2097 524 2150 quid
541 2104 586 2137 tn
609 2097 766 2136 vides?
798 2102 837 2136 et
856 2095 978 2135 diri:
997 2094 1159 2147 falcem
1181 2108 1252 2147 ego
1274 2092 1392 2133 video
1414 2093 1624 2133 volantem
1647 2090 1932 2145 longitudinis
1965 2089 2078 2131 cubi-

417 2253 680 2299 interrogative
701 2260 886 2288 sentence.
941 2253 973 2286 It
992 2251 1022 2286 is
1041 2258 1105 2286 not
1127 2262 1354 2285 uncommon
1382 2250 1417 2284 in
1445 2251 1507 2285 the
1528 2251 1643 2294 LXX,
1662 2250 1737 2285 and
1758 2250 1821 2284 the
1840 2249 1964 2284 Greek
1985 2249 2078 2282 New

416 2314 646 2355 Testa-ment,
666 2324 734 2346 nor
756 2311 791 2345 in
819 2312 881 2346 the
908 2309 1015 2345 Latin
1035 2309 1194 2353 version,
1212 2321 1289 2355 eg„
1308 2310 1399 2344 Acts
1418 2309 1438 2352 i,
1458 2310 1504 2351 63
1530 2309 1589 2353 vii,
1614 2319 1639 2343 1.
1691 2309 1773 2343 The
1801 2308 1925 2342 Greek
1953 2308 1994 2342 of
2015 2307 2077 2342 the

415 2375 565 2413 present
585 2379 755 2412 passage,
772 2366 891 2401 which
911 2365 1079 2411 explains
1098 2366 1160 2400 the
1175 2365 1294 2408 Latin,
1315 2365 1444 2399 stands
1463 2366 1548 2400 thus
1567 2378 1573 2400 :
1602 2365 1631 2398 εἰ
1649 2363 1914 2407 δικαιωθήσεται
1931 2363 1968 2396 ἐν
1986 2364 2078 2410 ζυγῷ

410 2426 547 2471 ἄνομος,
570 2427 625 2459 καὶ
643 2425 678 2459 ἐν
698 2426 896 2472 μαρσὶππῳ
912 2423 1063 2469 στάθμια
1081 2424 1196 2458 δόλου.
1253 2423 1399 2458 Lucifer
1425 2424 1466 2458 Of
1488 2423 1650 2468 Cagllari
1670 2430 1802 2468 quotes
1821 2422 1944 2467 Jonah
1965 2420 2011 2464 iv,
2031 2432 2051 2464 4
2069 2433 2076 2455 2

411 2487 447 2520 si
462 2486 521 2528 (εἰ)
539 2485 649 2519 valde
666 2485 908 2519 contristatus
924 2495 960 2517 es
977 2487 1019 2517 tu
1031 2485 1144 2527 super
1159 2482 1386 2516 cucurbitam
1401 2482 1420 2515 ?
1470 2482 1575 2515 Even
1595 2480 1802 2516 Tertullian
1821 2481 1890 2514 has
1910 2478 2078 2513 imitated

413 2542 486 2576 this
506 2554 570 2576 use
589 2542 630 2575 of
643 2543 686 2585 si,
705 2542 812 2586 Apol.
834 2551 877 2585 23
897 2552 903 2574 :
930 2541 968 2574 si
978 2541 1085 2574 lcomo
1104 2540 1310 2574 communis
1323 2540 1341 2572 .?
1377 2540 1413 2572 sz'
1429 2540 1593 2583 magus?

482 2611 494 2632 1
529 2612 606 2645 Vox
621 2611 697 2645 diez·
712 2611 878 2644 Domini.
933 2610 1147 2643 Mommsen
1167 2608 1284 2653 prints
1302 2619 1380 2642 vox
1394 2608 1469 2642 Dei
1479 2608 1647 2642 Domini.
1700 2607 1782 2641 One
1804 2608 1842 2640 M
1850 2607 1898 2648 S„
1913 2607 1956 2649 A,
1970 2606 2078 2640 reads

411 2670 493 2703 diei.
543 2670 625 2703 The
651 2667 905 2703 combination
933 2668 953 2684 ‘⁴
970 2667 1055 2701 God
1082 2668 1144 2702 the
1173 2667 1302 2701 Lord''
1329 2665 1358 2700 is
1385 2672 1449 2700 not
1475 2665 1590 2700 found
1616 2665 1651 2699 in
1671 2665 1733 2700 the
1753 2665 1827 2699 Old
1845 2666 2076 2706 Testament‚

412 2726 518 2760 while
545 2727 639 2761 “the
668 2727 765 2760 Lord
793 2726 906 2760 God''
926 2725 955 2760 is
982 2725 1179 2759 universal.
1231 2725 1312 2758 The
1334 2725 1449 2767 LXX,
1469 2724 1652 2767 however,
1672 2724 1800 2758 settles
1820 2723 1883 2757 the
1902 2722 2075 2768 question

411 2785 452 2818 of
478 2784 658 2828 reading:
686 2784 787 2830 φωνὴ
814 2783 942 2828 ἡμέρας
969 2783 1089 2828 κυρίου
1116 2783 1146 2817 is
1173 2782 1336 2817 decisive
1361 2781 1509 2827 against
1535 2781 1598 2816 the
1624 2781 1826 2826 extremely
1845 2780 2077 2825 improbable

411 2844 487 2877 Dei
503 2844 669 2877 Domini.

481 2910 494 2930 2
518 2911 565 2943 ln
608 2914 758 2944 terram.
825 2909 917 2943 This
945 2916 1095 2954 strange
1130 2907 1383 2943 construction
1419 2907 1449 2941 is
1484 2907 1652 2951 frequent
1679 2906 1714 2940 in
1752 2905 1907 2940 Biblical
1944 2905 2077 2947 Latin;

414 2969 565 3002 Ronsch
597 2968 700 3013 gives
729 2981 750 3003 a
777 2968 894 3002 whole
921 2967 1100 3012 page-full
1131 2967 1172 3001 of
1194 2966 1381 3001 instances
1410 2965 1525 3008 (Itala
1553 2965 1636 2999 und
1665 2964 1836 3009 Vulgata,
1863 2965 1903 2997 in
1929 2963 1996 2998 auf
2016 2963 2076 2998 die

415 3027 535 3070 Frage
562 3027 647 3060 wo?
681 3038 707 3060 s.
736 3036 814 3069 410,
846 3026 942 3069 411),
980 3037 1057 3071 eg,
1085 3025 1144 3070 qui
1173 3031 1258 3059 sunt
1285 3023 1320 3058 in
1348 3024 1502 3058 domum
1529 3035 1662 3067 meam,
1692 3023 1793 3057 Luke
1821 3021 1865 3066 ix,
1892 3023 1932 3056 61
1956 3035 1964 3063 ;
1999 3021 2077 3066 ipse

414 3083 550 3118 mansit
571 3083 605 3117 in
626 3083 846 3124 Galilaeam,
872 3084 922 3118 Io.
942 3082 1001 3126 vii,
1020 3093 1051 3126 c).
1103 3084 1249 3125 Gruter,
1268 3083 1398 3125 Inscr.‚
1417 3093 1450 3126 p.
1472 3090 1539 3123 224
1556 3093 1564 3123 ;
1590 3080 1626 3114 in
1646 3079 1785 3115 curiam
1804 3080 1958 3114 fuerant.

483 3152 496 3173 3
510 3153 624 3196 filius
651 3152 762 3187 Addo
782 3152 965 3196 propheta
990 3152 1130 3185 electus.
1182 3151 1264 3185 The
1291 3149 1525 3195 post-exilian
1554 3149 1711 3194 prophet
1738 3147 1939 3183 Zechariah
1969 3147 2009 3191 is,
2028 3149 2077 3192 by

416 3207 558 3250 Gildas,
579 3208 697 3241 called
717 3208 817 3241 “son
837 3207 1028 3250 ofAddo,”
1048 3211 1224 3251 whereas,
1239 3206 1440 3250 according
1459 3213 1496 3240 to
1515 3206 1576 3240 the
1594 3205 1767 3250 ordinary
1782 3205 1937 3248 reading
1961 3205 2002 3238 of
2016 3204 2077 3238 the
