2214 3556
49 713 157 740 Ena-lt.
177 711 238 744 xiii,

91 753 186 788 18-19.

49 1191 157 1219 Ezccli.
178 1190 248 1223 xxii,

89 1230 188 1266 24-26.

54 1825 161 1853 Ezccli.
181 1825 252 1858 xxii,

92 1873 191 1901 30-31.

54 2092 161 2120 Enoch.
182 2091 284 2124 xxxiii,

97 2140 153 2167 1-9.

336 248 358 277 2
376 249 387 278 1
405 248 426 277 2
835 232 915 278 De
939 232 1150 279 Excidio
1175 232 1491 278 Britanniae.

331 368 556 417 Dominus,
577 367 798 407 extendam
832 381 1008 407 manum
1041 381 1177 408 meam
1209 374 1336 419 super
1358 366 1595 419 propbetas,
1616 364 1859 418 quivident
1878 378 1990 404 men-

330 436 453 476 dacia
473 443 514 476 et
532 450 597 476 eos
627 437 704 489 qui
731 437 966 489 loquuntur
995 450 1110 476 vana
1129 451 1142 476 .·
1175 436 1220 475 in
1242 435 1466 487 disciplina
1491 433 1645 486 populi
1662 434 1747 474 mei
1765 447 1846 473 non
1868 439 1994 472 erunt

330 511 370 544 et
390 505 434 544 in
456 505 670 557 scriptura
692 505 842 544 domus
862 504 1005 545 Israel
1036 519 1117 544 non
1149 504 1388 544 scribentur
1417 509 1456 542 ct
1484 503 1529 542 in
1563 509 1725 542 terram
1747 501 1890 542 lsrael
1911 516 1991 541 non

332 573 557 613 intrabunt
591 580 631 613 et
663 573 802 613 scietis
824 573 940 625 quia
972 586 1044 625 ego
1066 572 1291 612 Dominus.
1353 572 1586 623 Propterea
1610 571 1818 623 populum
1853 584 1991 610 meum

331 642 590 682 seduxerunt
628 642 807 682 dicentes
824 657 838 682 .·
878 651 969 693 pax
1002 640 1194 689 Domini,
1227 647 1266 680 et
1306 654 1386 680 non
1432 646 1493 679 est
1528 646 1622 691 pax
1654 639 1844 679 Domini.
1907 638 1995 678 Hic
2032 654 2048 683 5

331 711 465 750 struit
474 711 684 763 parietem
706 717 746 750 et
766 710 851 762 ipsi
869 716 1042 763 ungunt
1060 724 1154 750 eum
1176 715 1217 749 et
1235 709 1360 748 cadet.
1411 709 1466 748 Et
1492 715 1586 760 post
1614 708 1864 760 aliquanta:
1908 707 1993 747 Vae

333 779 411 827 liis,
452 779 530 831 qui
566 779 818 818 concinnant
855 777 1079 818 cervicalia
1118 777 1268 817 subtus
1307 790 1471 817 omnem
1521 776 1707 816 cubitum
1761 790 1916 816 manus
1955 782 1996 816 et

334 848 500 888 faciunt
520 847 736 887 velamina
755 854 883 899 super
901 861 1021 886 omne
1040 853 1167 899 caput
1194 846 1419 886 universae
1439 846 1594 886 aetatis
1614 845 1676 885 ad
1690 845 1995 885 subvertendas

332 915 514 956 animas.
561 916 595 955 A
605 915 827 967 nimaeque
846 913 1071 954 subversae
1089 921 1193 954 sunt
1203 913 1357 966 populi
1375 913 1461 954 mei
1479 920 1519 953 et
1538 913 1710 953 animas
1720 913 1996 966 possidebant

332 991 372 1024 et
409 983 757 1024 contaminabant
797 997 861 1022 me
900 982 963 1022 ad
988 983 1197 1035 populum
1240 996 1379 1022 meum
1411 989 1589 1034 propter
1608 996 1785 1022 manum
1817 982 1992 1034 plenam
2015 1000 2050 1019 10

331 1052 481 1092 bordei
498 1058 539 1091 et
561 1058 741 1104 propter
758 1052 1065 1104 fragmentum
1082 1051 1218 1104 panis
1237 1051 1301 1091 ad
1316 1050 1560 1091 occidendas
1580 1051 1762 1099 animas,
1784 1063 1891 1102 quas
1913 1063 1994 1089 non

333 1118 547 1170 oportebat
568 1118 688 1167 mori,
710 1124 750 1157 et
784 1117 847 1157 ad
874 1117 1121 1157 liberandas
1150 1117 1332 1167 animas,
1355 1131 1462 1170 quas
1499 1131 1580 1157 non
1610 1116 1822 1169 oportebat
1841 1116 1995 1165 vivere,

331 1187 436 1226 dum
478 1186 711 1239 loquimini
737 1187 892 1239 populo
933 1186 1182 1226 exaudienti
1221 1200 1336 1226 vana
1376 1185 1552 1238 eloquia.
1617 1186 1675 1225 Et
1718 1185 1857 1225 infra:
1902 1184 1999 1224 Fili

333 1255 520 1296 bominis
540 1255 620 1305 die,
643 1262 688 1295 tu
710 1269 752 1295 es
774 1262 890 1295 terra
922 1269 1030 1308 quae
1060 1269 1142 1295 non
1173 1255 1432 1307 compluitur
1466 1268 1595 1307 neque
1606 1253 1765 1306 pluvia
1785 1254 1914 1305 facta
1936 1259 1999 1293 est

331 1331 460 1376 super
500 1330 536 1364 te
574 1324 618 1364 in
654 1324 721 1364 die
755 1324 856 1373 irae,
891 1324 936 1364 in
971 1338 1078 1377 quae
1109 1323 1327 1376 principes
1348 1324 1393 1364 in
1431 1323 1566 1364 medio
1599 1323 1691 1362 eius
1722 1323 1833 1362 sicut
1863 1322 1998 1362 leones
2018 1339 2052 1369 15

333 1393 547 1446 rugientes
568 1393 779 1446 rapientes
801 1393 988 1445 rapinas,
1010 1393 1184 1433 animas
1205 1392 1454 1432 devorantes
1488 1392 1534 1432 in
1561 1392 1757 1445 potentia
1789 1398 1830 1432 et
1850 1391 1997 1444 pretia

332 1462 576 1515 accipientes
596 1469 637 1502 et
655 1462 812 1502 viduae
833 1469 930 1502 tuae
952 1462 1258 1514 multiplicatae
1277 1468 1380 1501 sunt
1400 1461 1445 1501 in
1468 1461 1603 1502 medio
1624 1462 1693 1502 tui
1710 1468 1750 1501 et
1768 1461 1998 1501 sacerdotes

333 1531 424 1571 eius
464 1531 740 1583 despexerunt
779 1530 909 1583 legem
952 1544 1088 1570 meam
1137 1536 1178 1569 et
1217 1529 1467 1582 polluebant
1504 1536 1653 1569 sancta
1695 1544 1796 1570 mea.
1876 1529 2000 1569 Inter

332 1606 527 1639 sanctum
549 1606 590 1639 et
611 1600 827 1651 pollutum
851 1613 932 1639 non
967 1598 1291 1651 distinguebant
1321 1605 1361 1638 et
1388 1598 1688 1638 intermedium
1722 1598 1927 1638 inmundi
1959 1604 2000 1637 et

335 1669 513 1708 mundi1
536 1683 617 1708 non
646 1668 899 1708 dividebant
929 1674 970 1708 et
1003 1682 1030 1708 a
1053 1667 1242 1708 sabbatis
1273 1667 1378 1708 meis
1405 1667 1655 1708 obvelabant
1680 1668 1814 1707 oculos
1842 1681 1940 1707 suos
1959 1674 2000 1707 et
2016 1686 2055 1705 20

326 1737 575 1790 polluebant
595 1738 640 1778 in
663 1737 799 1777 medio
815 1751 970 1777 eorum.

424 1807 484 1846 Et
518 1807 703 1846 iterum:
749 1807 792 1846 E
795 1812 812 1845 t
844 1805 1096 1858 quaerebam
1130 1819 1183 1845 ex
1211 1806 1272 1845 eis
1303 1805 1448 1845 virum
1486 1812 1590 1845 recte
1618 1811 1931 1845 conversantem
1960 1812 2001 1845 et
2019 1817 2073 1859 91

335 1882 518 1916 stantem
550 1881 649 1914 ante
669 1875 834 1926 faciem
869 1889 1007 1914 meam
1042 1874 1212 1914 omuino
1255 1873 1299 1914 in
1335 1881 1523 1926 tempora
1555 1881 1703 1924 terrae,
1741 1888 1792 1914 ne
1828 1873 1873 1914 in
1901 1874 1998 1926 fine

336 1945 512 1984 delerem
535 1958 640 1992 eam,
655 1950 695 1983 et
716 1957 797 1983 non
821 1943 977 1984 inveni.
1029 1943 1092 1983 Et
1111 1942 1250 1994 effudi
1267 1943 1312 1982 in
1335 1957 1427 1983 eam
1450 1943 1647 1983 animum
1671 1957 1810 1983 meum
1834 1943 1878 1983 in
1902 1943 1999 1995 igne

336 2014 427 2053 irae
461 2027 574 2053 meae
608 2012 669 2052 ad
697 2012 1025 2052 consumendum
1047 2026 1113 2052 eos
1130 2027 1144 2052 .·
1176 2012 1273 2052 vias
1300 2026 1444 2051 eorum
1477 2012 1522 2052 in
1555 2018 1680 2062 caput
1714 2026 1856 2051 eorum
1890 2012 1998 2061 dedi,
2017 2032 2054 2062 25

337 2082 442 2121 dicit
463 2081 689 2121 Dominus.
754 2081 814 2121 Et
838 2087 938 2133 post
961 2080 1187 2133 aliquanta
1205 2096 1212 2120 :
1256 2080 1319 2120 Et
1324 2081 1478 2131 factus
1497 2087 1560 2120 est
1578 2094 1714 2120 sermo
1736 2081 1923 2120 Domini
1941 2081 2004 2120 ad

338 2166 402 2191 me
434 2151 603 2191 dicens:
636 2150 719 2204 fili
735 2150 934 2199 lzominis,
969 2150 1134 2202 loquere
1153 2149 1273 2203 filiis
1293 2150 1449 2202 populi
1481 2149 1567 2189 mei
1598 2156 1639 2190 et
1672 2150 1783 2190 dices
1810 2150 1873 2189 ad
1900 2163 1995 2190 eos:

336 2226 453 2259 terra
475 2219 520 2258 in
543 2233 672 2272 quam
695 2233 766 2271 ego
788 2218 991 2271 gladium
1023 2219 1364 2271 superinducam,
1386 2225 1426 2259 et
1445 2219 1646 2271 acceperit
1655 2219 1841 2271 populus
1862 2226 2000 2260 terrae

335 2288 547 2328 bominem
571 2301 704 2327 imum
727 2302 778 2327 ex
797 2288 902 2340 ipsis
923 2294 963 2328 et
983 2287 1148 2328 dederit
1167 2301 1262 2327 eum
1284 2287 1371 2327 sibi
1390 2287 1435 2327 in
1467 2288 1765 2340 speculatorem
1788 2295 1828 2328 et
1843 2288 2003 2328 viderit

329 2357 530 2410 gladium
565 2357 799 2397 venientem
833 2364 961 2409 super
995 2363 1156 2396 terram
1193 2363 1233 2396 et
1265 2356 1367 2397 tuba
1397 2357 1593 2397 canuerit
1619 2363 1659 2397 et
1689 2357 2003 2410 significaverit
2018 2379 2057 2407 30

326 2427 481 2478 populo
521 2432 561 2466 et
600 2426 790 2466 audierit
828 2426 907 2478 qui
943 2426 1071 2465 audit
1109 2440 1244 2466 vocem
1280 2425 1403 2465 tubae
1437 2432 1478 2466 et
1517 2440 1597 2465 non
1639 2426 1934 2475 observaverit,
1962 2433 2003 2466 et

337 2494 501 2534 venerit
531 2494 712 2546 gladius
752 2500 792 2533 et
830 2494 1192 2546 comprehenderit
1224 2507 1331 2543 eum,
1371 2494 1553 2546 sanguis
1583 2494 1674 2534 eins
1713 2502 1840 2546 super
1877 2501 2003 2547 caput

337 2562 427 2602 eins
458 2562 541 2602 erit
558 2577 572 2602 .·
626 2562 742 2615 qnia,
772 2576 865 2602 cum
889 2576 1025 2602 vocem
1060 2562 1183 2602 tubae
1213 2561 1413 2611 audisset,
1437 2576 1518 2602 non
1550 2562 1799 2611 observavit,
1820 2563 2000 2615 sanguis

337 2631 428 2670 cius
462 2631 506 2670 in
539 2631 626 2683 ipso
659 2631 773 2671 erit:
815 2637 855 2670 et
883 2630 962 2679 liic,
983 2631 1088 2683 quia
1122 2630 1352 2670 custodivit
1387 2630 1581 2670 animam
1617 2644 1754 2679 suam,
1790 2630 1999 2671 liberavit.

338 2699 401 2738 Et
433 2699 666 2751 speculator
699 2699 742 2739 si
769 2698 929 2739 viderit
963 2699 1167 2751 gladium
1199 2699 1435 2738 venientem
1480 2706 1521 2739 et
1565 2713 1646 2740 non
1691 2699 2002 2753 significaverit
2018 2721 2054 2751 35

339 2767 440 2807 tuba
488 2774 529 2806 et
561 2768 747 2819 populus
795 2781 876 2806 uon
927 2767 1224 2816 observaverit,
1272 2774 1313 2807 et
1359 2767 1530 2808 veniens
1571 2768 1752 2820 gladius
1801 2769 2001 2820 acceperit

339 2850 390 2875 ex
427 2835 488 2875 eis
527 2836 721 2875 animam
763 2842 804 2875 et
844 2836 937 2888 ipsa
978 2842 1158 2888 propter
1197 2835 1470 2888 iniquitatem
1511 2850 1636 2876 suam
1686 2843 1809 2888 capta
1849 2843 1913 2876 est
1960 2843 2001 2877 et

339 2903 596 2957 sanguinem
640 2903 690 2943 de
725 2918 857 2944 manu
897 2904 1172 2956 speculatoris
1212 2904 1442 2956 requiram.
1503 2904 1565 2944 Et
1605 2911 1663 2953 tu,
1692 2904 1774 2957 fili
1803 2904 2000 2954 bominis,

405 3022 415 3042 ¹
440 3023 707 3056 lulermedium
738 3023 928 3056 imumudi
957 3027 992 3057 et
1020 3023 1161 3057 mundi.
1225 3022 1317 3057 This
1348 3022 1378 3057 is
1405 3035 1452 3057 an
1483 3022 1651 3058 instance
1679 3023 1719 3057 of
1743 3024 1805 3058 the
1830 3024 2000 3069 frequent

342 3088 498 3125 attempt
518 3088 554 3115 to
573 3081 776 3125 reproduce
795 3080 950 3125 literally
975 3082 1062 3115 such
1089 3093 1111 3115 a
1130 3081 1332 3115 Hebraism
1357 3092 1398 3115 as
1424 3080 1490 3114 ἀνὰ
1509 3084 1619 3125 μέσον
1639 3080 1836 3126 ἀκαθάρτου
1860 3082 1916 3115 καὶ
1940 3084 2001 3116 τοῦ

345 3138 521 3181 κιιθαρωῦς
548 3150 589 3172 so
607 3139 685 3173 also
711 3140 752 3172 in
775 3140 1037 3183 speculatorem
1064 3139 1120 3173 for
1145 3139 1191 3174 εἷς
1219 3140 1358 3173 σκοπόν
1379 3139 1414 3182 (l.
1441 3139 1512 3182 29),
1536 3138 1681 3173 instead
1712 3140 1754 3173 of
1778 3140 1840 3173 the
1868 3139 2000 3185 simple

344 3203 562 3229 accusatloe.
