<?xml version="1.0" encoding="UTF-8"?>
<!DOCTYPE html PUBLIC "-//W3C//DTD XHTML 1.0 Transitional//EN"
    "http://www.w3.org/TR/xhtml1/DTD/xhtml1-transitional.dtd">
<html xmlns="http://www.w3.org/1999/xhtml" xml:lang="en" lang="en">
 <head>
  <title>
</title>
<meta http-equiv="Content-Type" content="text/html;charset=utf-8" />
  <meta name='ocr-system' content='tesseract 3.04.00' />
  <meta name='ocr-capabilities' content='ocr_page ocr_carea ocr_par ocr_line ocrx_word'/>
</head>
<body>
  <div class='ocr_page' id='page_1' title='image "./gildaedeexcidiob00gilduoft_0372.png"; bbox 0 0 2214 3556; ppageno 0'>
   <div class='ocr_carea' id='block_1_1' title="bbox 267 1156 475 1189">
    <p class='ocr_par' dir='ltr' id='par_1_1' title="bbox 267 1156 475 1189">
     <span class='ocr_line' id='line_1_1' title="bbox 267 1156 475 1189; baseline 0 -5"><span class='ocrx_word' id='word_1_1' title='bbox 267 1157 330 1185; x_wconf 71' lang='lat' dir='ltr'><em>lah.</em></span> <span class='ocrx_word' id='word_1_2' title='bbox 351 1156 410 1189; x_wconf 85' lang='lat' dir='ltr'><em>xvi,</em></span> <span class='ocrx_word' id='word_1_3' title='bbox 429 1156 475 1184; x_wconf 86' lang='lat'><em>26.</em></span> 
     </span>
    </p>
   </div>
   <div class='ocr_carea' id='block_1_2' title="bbox 504 254 1501 315">
    <p class='ocr_par' dir='ltr' id='par_1_2' title="bbox 504 254 1501 315">
     <span class='ocr_line' id='line_1_2' title="bbox 504 254 1501 315; baseline 0.001 -14"><span class='ocrx_word' id='word_1_4' title='bbox 504 259 600 315; x_wconf 78' lang='lat'><em>360</em></span> <span class='ocrx_word' id='word_1_5' title='bbox 1163 254 1278 302; x_wconf 88' lang='lat' dir='ltr'><em>Vita</em></span> <span class='ocrx_word' id='word_1_6' title='bbox 1313 254 1501 302; x_wconf 82' lang='lat' dir='ltr'><em>Gila&#39;ae.</em></span> 
     </span>
    </p>
   </div>
   <div class='ocr_carea' id='block_1_3' title="bbox 487 389 2214 2853">
    <p class='ocr_par' dir='ltr' id='par_1_3' title="bbox 500 389 2159 501">
     <span class='ocr_line' id='line_1_3' title="bbox 500 389 2159 445; baseline -0.001 -14"><span class='ocrx_word' id='word_1_7' title='bbox 500 392 676 444; x_wconf 83' lang='lat' dir='ltr'><strong>plenum</strong></span> <span class='ocrx_word' id='word_1_8' title='bbox 703 392 916 445; x_wconf 79' lang='lat' dir='ltr'>pugillum</span> <span class='ocrx_word' id='word_1_9' title='bbox 941 397 1079 432; x_wconf 74' lang='lat' dir='ltr'><strong>terrae</strong></span> <span class='ocrx_word' id='word_1_10' title='bbox 1102 397 1144 432; x_wconf 91' lang='lat' dir='ltr'><em>et</em></span> <span class='ocrx_word' id='word_1_11' title='bbox 1167 391 1347 444; x_wconf 87' lang='lat' dir='ltr'><strong>proiecit</strong></span> <span class='ocrx_word' id='word_1_12' title='bbox 1371 404 1501 443; x_wconf 89' lang='lat' dir='ltr'><strong>super</strong></span> <span class='ocrx_word' id='word_1_13' title='bbox 1536 390 1653 430; x_wconf 86' lang='lat' dir='ltr'><strong>illam</strong></span> <span class='ocrx_word' id='word_1_14' title='bbox 1691 389 2023 436; x_wconf 76' lang='lat' dir='ltr'>habitationem,</span> <span class='ocrx_word' id='word_1_15' title='bbox 2046 403 2159 442; x_wconf 82' lang='lat' dir='ltr'><strong>quae</strong></span> 
     </span>
     <span class='ocr_line' id='line_1_4' title="bbox 500 461 1278 501; baseline 0.001 -2"><span class='ocrx_word' id='word_1_16' title='bbox 500 462 648 501; x_wconf 86' lang='lat' dir='ltr'><strong>statim</strong></span> <span class='ocrx_word' id='word_1_17' title='bbox 676 462 772 501; x_wconf 89' lang='lat' dir='ltr'><em>Deo</em></span> <span class='ocrx_word' id='word_1_18' title='bbox 794 461 968 501; x_wconf 85' lang='lat' dir='ltr'><strong>volente</strong></span> <span class='ocrx_word' id='word_1_19' title='bbox 992 468 1085 501; x_wconf 88' lang='lat' dir='ltr'><strong>tota</strong></span> <span class='ocrx_word' id='word_1_20' title='bbox 1107 461 1278 500; x_wconf 89' lang='lat' dir='ltr'><strong>corruit.</strong></span> 
     </span>
    </p>

    <p class='ocr_par' dir='ltr' id='par_1_4' title="bbox 487 527 2214 2440">
     <span class='ocr_line' id='line_1_5' title="bbox 588 527 2214 582; baseline -0.004 -12"><span class='ocrx_word' id='word_1_21' title='bbox 588 529 761 570; x_wconf 82' lang='lat' dir='ltr'><strong>Deinde</strong></span> <span class='ocrx_word' id='word_1_22' title='bbox 802 530 908 569; x_wconf 88' lang='lat' dir='ltr'><strong>abiit</strong></span> <span class='ocrx_word' id='word_1_23' title='bbox 940 543 1077 582; x_wconf 88' lang='lat' dir='ltr'><strong>usque</strong></span> <span class='ocrx_word' id='word_1_24' title='bbox 1109 530 1163 569; x_wconf 89' lang='lat' dir='ltr'><strong>ad</strong></span> <span class='ocrx_word' id='word_1_25' title='bbox 1207 529 1363 577; x_wconf 88' lang='lat' dir='ltr'><em>locum,</em></span> <span class='ocrx_word' id='word_1_26' title='bbox 1410 528 1482 568; x_wconf 92' lang='lat' dir='ltr'><strong>ubi</strong></span> <span class='ocrx_word' id='word_1_27' title='bbox 1524 528 1732 568; x_wconf 84' lang='lat' dir='ltr'><strong>exanime</strong></span> <span class='ocrx_word' id='word_1_28' title='bbox 1766 527 1934 568; x_wconf 86' lang='lat' dir='ltr'><strong>iacebat</strong></span> <span class='ocrx_word' id='word_1_29' title='bbox 1971 527 2157 567; x_wconf 88' lang='lat' dir='ltr'><strong>cadaver</strong></span> <span class='ocrx_word' id='word_1_30' title='bbox 2179 533 2214 564; x_wconf 69' lang='lat'><em>2⁴</em></span> 
     </span>
     <span class='ocr_line' id='line_1_6' title="bbox 500 595 2154 650; baseline -0.001 -13"><span class='ocrx_word' id='word_1_31' title='bbox 500 599 691 638; x_wconf 87' lang='lat' dir='ltr'><strong>mulieris</strong></span> <span class='ocrx_word' id='word_1_32' title='bbox 714 598 968 638; x_wconf 76' lang='lat' dir='ltr'><strong>interfectae</strong></span> <span class='ocrx_word' id='word_1_33' title='bbox 990 598 1157 650; x_wconf 88' lang='lat' dir='ltr'><strong>prolem</strong></span> <span class='ocrx_word' id='word_1_34' title='bbox 1191 598 1232 637; x_wconf 90' lang='lat' dir='ltr'><strong>in</strong></span> <span class='ocrx_word' id='word_1_35' title='bbox 1258 604 1381 637; x_wconf 90' lang='lat' dir='ltr'><strong>utero</strong></span> <span class='ocrx_word' id='word_1_36' title='bbox 1405 597 1617 644; x_wconf 80' lang='lat' dir='ltr'><strong>habentis,</strong></span> <span class='ocrx_word' id='word_1_37' title='bbox 1639 602 1682 636; x_wconf 88' lang='lat' dir='ltr'><em>et</em></span> <span class='ocrx_word' id='word_1_38' title='bbox 1714 596 1797 636; x_wconf 91' lang='lat' dir='ltr'><em>hoc</em></span> <span class='ocrx_word' id='word_1_39' title='bbox 1821 595 1954 636; x_wconf 89' lang='lat' dir='ltr'><strong>modo</strong></span> <span class='ocrx_word' id='word_1_40' title='bbox 1986 596 2125 635; x_wconf 85' lang='lat' dir='ltr'><strong>oravit</strong></span> <span class='ocrx_word' id='word_1_41' title='bbox 2147 610 2154 635; x_wconf 91' lang='lat'><strong>:</strong></span> 
     </span>
     <span class='ocr_line' id='line_1_7' title="bbox 500 665 2212 719; baseline -0.001 -13"><span class='ocrx_word' id='word_1_42' title='bbox 500 667 684 706; x_wconf 79' lang='lat' dir='ltr'><em>Domine</em></span> <span class='ocrx_word' id='word_1_43' title='bbox 725 668 853 714; x_wconf 89' lang='lat' dir='ltr'><em>Deus,</em></span> <span class='ocrx_word' id='word_1_44' title='bbox 894 667 973 719; x_wconf 81' lang='lat' dir='ltr'><em>qui</em></span> <span class='ocrx_word' id='word_1_45' title='bbox 1009 666 1221 706; x_wconf 72' lang='lat' dir='ltr'><em>hominem</em></span> <span class='ocrx_word' id='word_1_46' title='bbox 1262 680 1314 706; x_wconf 73' lang='lat' dir='ltr'><em>ex</em></span> <span class='ocrx_word' id='word_1_47' title='bbox 1350 666 1451 706; x_wconf 92' lang='lat' dir='ltr'><em>limo</em></span> <span class='ocrx_word' id='word_1_48' title='bbox 1493 672 1631 706; x_wconf 89' lang='lat' dir='ltr'><em>terrae</em></span> <span class='ocrx_word' id='word_1_49' title='bbox 1674 665 1880 711; x_wconf 77' lang='lat' dir='ltr'><em>formasti</em></span> <span class='ocrx_word' id='word_1_50' title='bbox 1916 672 1956 705; x_wconf 91' lang='lat' dir='ltr'><em>et</em></span> <span class='ocrx_word' id='word_1_51' title='bbox 1984 671 2159 717; x_wconf 87' lang='lat' dir='ltr'><em>propter</em></span> <span class='ocrx_word' id='word_1_52' title='bbox 2197 681 2212 709; x_wconf 85' lang='lat'><strong>5</strong></span> 
     </span>
     <span class='ocr_line' id='line_1_8' title="bbox 498 733 2157 787; baseline -0.002 -11"><span class='ocrx_word' id='word_1_53' title='bbox 498 736 621 776; x_wconf 83' lang='lat' dir='ltr'><em>illum</em></span> <span class='ocrx_word' id='word_1_54' title='bbox 654 736 924 776; x_wconf 85' lang='lat' dir='ltr'><em>liberandum</em></span> <span class='ocrx_word' id='word_1_55' title='bbox 961 735 1010 775; x_wconf 88' lang='lat' dir='ltr'><em>de</em></span> <span class='ocrx_word' id='word_1_56' title='bbox 1033 742 1240 787; x_wconf 76' lang='lat' dir='ltr'><em>potestate</em></span> <span class='ocrx_word' id='word_1_57' title='bbox 1274 735 1442 783; x_wconf 85' lang='lat' dir='ltr'><em>diaboli,</em></span> <span class='ocrx_word' id='word_1_58' title='bbox 1480 734 1525 774; x_wconf 87' lang='lat' dir='ltr'><em>in</em></span> <span class='ocrx_word' id='word_1_59' title='bbox 1557 734 1677 774; x_wconf 86' lang='lat' dir='ltr'><em>cuius</em></span> <span class='ocrx_word' id='word_1_60' title='bbox 1705 747 1748 773; x_wconf 88' lang='lat' dir='ltr'><em>se</em></span> <span class='ocrx_word' id='word_1_61' title='bbox 1779 733 2017 773; x_wconf 85' lang='lat' dir='ltr'><em>dominium</em></span> <span class='ocrx_word' id='word_1_62' title='bbox 2055 733 2157 773; x_wconf 87' lang='lat' dir='ltr'><em>inie-</em></span> 
     </span>
     <span class='ocr_line' id='line_1_9' title="bbox 497 803 2161 857; baseline -0.001 -13"><span class='ocrx_word' id='word_1_63' title='bbox 497 811 613 845; x_wconf 97' lang='lat' dir='ltr'><em>cerat</em></span> <span class='ocrx_word' id='word_1_64' title='bbox 654 805 858 857; x_wconf 85' lang='lat' dir='ltr'><em>propriae</em></span> <span class='ocrx_word' id='word_1_65' title='bbox 912 804 1123 844; x_wconf 73' lang='lat' dir='ltr'><em>libertatis</em></span> <span class='ocrx_word' id='word_1_66' title='bbox 1176 803 1368 852; x_wconf 82' lang='lat' dir='ltr'><em>arbitriO,</em></span> <span class='ocrx_word' id='word_1_67' title='bbox 1419 804 1522 843; x_wconf 83' lang='lat' dir='ltr'><em>dum</em></span> <span class='ocrx_word' id='word_1_68' title='bbox 1580 810 1700 843; x_wconf 78' lang='lat' dir='ltr'><em>tuum</em></span> <span class='ocrx_word' id='word_1_69' title='bbox 1757 809 2051 855; x_wconf 80' lang='lat' dir='ltr'><em>transgressus</em></span> <span class='ocrx_word' id='word_1_70' title='bbox 2099 810 2161 843; x_wconf 89' lang='lat' dir='ltr'><em>est</em></span> 
     </span>
     <span class='ocr_line' id='line_1_10' title="bbox 488 872 2158 926; baseline -0.001 -13"><span class='ocrx_word' id='word_1_71' title='bbox 488 880 770 926; x_wconf 84' lang='lat' dir='ltr'><em>praeceptum,</em></span> <span class='ocrx_word' id='word_1_72' title='bbox 794 873 946 925; x_wconf 84' lang='lat' dir='ltr'><em>filium</em></span> <span class='ocrx_word' id='word_1_73' title='bbox 976 879 1109 922; x_wconf 71' lang='lat' dir='ltr'><em>tetum,</em></span> <span class='ocrx_word' id='word_1_74' title='bbox 1131 887 1252 925; x_wconf 82' lang='lat' dir='ltr'><em>quem</em></span> <span class='ocrx_word' id='word_1_75' title='bbox 1283 879 1380 912; x_wconf 88' lang='lat' dir='ltr'><em>ante</em></span> <span class='ocrx_word' id='word_1_76' title='bbox 1409 872 1576 912; x_wconf 87' lang='lat' dir='ltr'><em>saecula</em></span> <span class='ocrx_word' id='word_1_77' title='bbox 1597 886 1649 912; x_wconf 76' lang='lat' dir='ltr'><em>ex</em></span> <span class='ocrx_word' id='word_1_78' title='bbox 1666 872 1914 912; x_wconf 74' lang='lat' dir='ltr'><em>aeternitate</em></span> <span class='ocrx_word' id='word_1_79' title='bbox 1934 886 2158 925; x_wconf 77' lang='lat' dir='ltr'><em>genueras,</em></span> 
     </span>
     <span class='ocr_line' id='line_1_11' title="bbox 501 941 2157 993; baseline -0.001 -11"><span class='ocrx_word' id='word_1_80' title='bbox 501 943 614 982; x_wconf 89' lang='lat' dir='ltr'><em>mori</em></span> <span class='ocrx_word' id='word_1_81' title='bbox 638 942 822 990; x_wconf 82' lang='lat' dir='ltr'><em>voluisti,</em></span> <span class='ocrx_word' id='word_1_82' title='bbox 844 948 882 981; x_wconf 91' lang='lat' dir='ltr'><em>te</em></span> <span class='ocrx_word' id='word_1_83' title='bbox 910 941 1062 990; x_wconf 83' lang='lat' dir='ltr'><em>invoc0,</em></span> <span class='ocrx_word' id='word_1_84' title='bbox 1085 947 1134 981; x_wconf 87' lang='lat' dir='ltr'><em>ut</em></span> <span class='ocrx_word' id='word_1_85' title='bbox 1158 955 1222 981; x_wconf 92' lang='lat' dir='ltr'><em>me</em></span> <span class='ocrx_word' id='word_1_86' title='bbox 1252 941 1471 981; x_wconf 73' lang='lat' dir='ltr'><em>exaudias.</em></span> <span class='ocrx_word' id='word_1_87' title='bbox 1534 941 1723 989; x_wconf 71' lang='lat' dir='ltr'><em>Exaudi,</em></span> <span class='ocrx_word' id='word_1_88' title='bbox 1747 941 1936 993; x_wconf 81' lang='lat' dir='ltr'><em>inquam,</em></span> <span class='ocrx_word' id='word_1_89' title='bbox 1963 941 2157 989; x_wconf 82' lang='lat' dir='ltr'><em>Domine,</em></span> 
     </span>
     <span class='ocr_line' id='line_1_12' title="bbox 499 1009 2214 1063; baseline 0.001 -13"><span class='ocrx_word' id='word_1_90' title='bbox 499 1011 601 1063; x_wconf 83' lang='lat' dir='ltr'><em>quia</em></span> <span class='ocrx_word' id='word_1_91' title='bbox 644 1018 682 1050; x_wconf 86' lang='lat' dir='ltr'><em>te</em></span> <span class='ocrx_word' id='word_1_92' title='bbox 714 1010 759 1050; x_wconf 89' lang='lat' dir='ltr'><em>in</em></span> <span class='ocrx_word' id='word_1_93' title='bbox 793 1010 961 1050; x_wconf 84' lang='lat' dir='ltr'><em>nomine</em></span> <span class='ocrx_word' id='word_1_94' title='bbox 996 1009 1211 1062; x_wconf 61' lang='lat' dir='ltr'><em>unigeniti</em></span> <span class='ocrx_word' id='word_1_95' title='bbox 1244 1009 1313 1049; x_wconf 87' lang='lat' dir='ltr'><em>tui</em></span> <span class='ocrx_word' id='word_1_96' title='bbox 1342 1009 1526 1050; x_wconf 85' lang='lat' dir='ltr'><em>Domini</em></span> <span class='ocrx_word' id='word_1_97' title='bbox 1556 1010 1696 1049; x_wconf 84' lang='lat' dir='ltr'><em>nostri</em></span> <span class='ocrx_word' id='word_1_98' title='bbox 1728 1009 1823 1050; x_wconf 86' lang='lat' dir='ltr'><em>Iesu</em></span> <span class='ocrx_word' id='word_1_99' title='bbox 1861 1009 2027 1051; x_wconf 73' lang='lat' dir='ltr'><em>Christi</em></span> <span class='ocrx_word' id='word_1_100' title='bbox 2049 1016 2155 1062; x_wconf 81' lang='lat' dir='ltr'><em>petO.</em></span> <span class='ocrx_word' id='word_1_101' title='bbox 2180 1032 2214 1051; x_wconf 72' lang='grc' dir='ltr'><em>ιο</em></span> 
     </span>
     <span class='ocr_line' id='line_1_13' title="bbox 507 1077 2157 1132; baseline -0.001 -12"><span class='ocrx_word' id='word_1_102' title='bbox 507 1080 625 1120; x_wconf 84' lang='lat' dir='ltr'><em>Tuus</em></span> <span class='ocrx_word' id='word_1_103' title='bbox 664 1079 777 1119; x_wconf 83' lang='lat' dir='ltr'><em>enim</em></span> <span class='ocrx_word' id='word_1_104' title='bbox 807 1079 937 1132; x_wconf 86' lang='lat' dir='ltr'><em>filius</em></span> <span class='ocrx_word' id='word_1_105' title='bbox 979 1079 1186 1131; x_wconf 77' lang='lat' dir='ltr'><em>magister</em></span> <span class='ocrx_word' id='word_1_106' title='bbox 1220 1085 1360 1118; x_wconf 87' lang='lat' dir='ltr'><em>noster</em></span> <span class='ocrx_word' id='word_1_107' title='bbox 1396 1077 1591 1119; x_wconf 71' lang='lat' dir='ltr'><em>Christus</em></span> <span class='ocrx_word' id='word_1_108' title='bbox 1628 1080 1744 1118; x_wconf 89' lang='lat' dir='ltr'><em>lesus</em></span> <span class='ocrx_word' id='word_1_109' title='bbox 1775 1079 2025 1130; x_wconf 76' lang='lat' dir='ltr'><em>promittere</em></span> <span class='ocrx_word' id='word_1_110' title='bbox 2065 1079 2157 1131; x_wconf 63' lang='lat' dir='ltr'><em>dig-</em></span> 
     </span>
     <span class='ocr_line' id='line_1_14' title="bbox 498 1143 2160 1200; baseline 0 -12"><span class='ocrx_word' id='word_1_111' title='bbox 498 1155 626 1188; x_wconf 87' lang='lat' dir='ltr'><em>natus</em></span> <span class='ocrx_word' id='word_1_112' title='bbox 666 1154 727 1188; x_wconf 88' lang='lat' dir='ltr'><em>est</em></span> <span class='ocrx_word' id='word_1_113' title='bbox 767 1148 812 1188; x_wconf 88' lang='lat' dir='ltr'><em>in</em></span> <span class='ocrx_word' id='word_1_114' title='bbox 851 1162 894 1188; x_wconf 88' lang='lat' dir='ltr'><em>se</em></span> <span class='ocrx_word' id='word_1_115' title='bbox 933 1147 1204 1195; x_wconf 75' lang='lat' dir='ltr'><em>credentibus,</em></span> <span class='ocrx_word' id='word_1_116' title='bbox 1245 1148 1289 1186; x_wconf 89' lang='lat' dir='ltr'><em>si</em></span> <span class='ocrx_word' id='word_1_117' title='bbox 1331 1147 1442 1200; x_wconf 80' lang='lat' dir='ltr'><em>quid</em></span> <span class='ocrx_word' id='word_1_118' title='bbox 1478 1153 1516 1187; x_wconf 86' lang='lat' dir='ltr'><em>te</em></span> <span class='ocrx_word' id='word_1_119' title='bbox 1547 1153 1741 1199; x_wconf 87' lang='lat' dir='ltr'><em>peterent</em></span> <span class='ocrx_word' id='word_1_120' title='bbox 1779 1143 2034 1187; x_wconf 81' lang='lat' dir='ltr'><em>innomine</em></span> <span class='ocrx_word' id='word_1_121' title='bbox 2074 1162 2160 1196; x_wconf 85' lang='lat' dir='ltr'><em>su0‚</em></span> 
     </span>
     <span class='ocr_line' id='line_1_15' title="bbox 497 1216 2161 1270; baseline -0.001 -13"><span class='ocrx_word' id='word_1_122' title='bbox 497 1218 612 1270; x_wconf 83' lang='lat' dir='ltr'><em>quod</em></span> <span class='ocrx_word' id='word_1_123' title='bbox 647 1231 795 1258; x_wconf 83' lang='lat' dir='ltr'><em>aurem</em></span> <span class='ocrx_word' id='word_1_124' title='bbox 832 1224 930 1257; x_wconf 89' lang='lat' dir='ltr'><em>tuae</em></span> <span class='ocrx_word' id='word_1_125' title='bbox 969 1216 1210 1256; x_wconf 83' lang='lat' dir='ltr'><em>clementiae</em></span> <span class='ocrx_word' id='word_1_126' title='bbox 1246 1230 1326 1256; x_wconf 84' lang='lat' dir='ltr'><em>non</em></span> <span class='ocrx_word' id='word_1_127' title='bbox 1360 1222 1570 1256; x_wconf 79' lang='lat' dir='ltr'><em>averteres</em></span> <span class='ocrx_word' id='word_1_128' title='bbox 1601 1216 1654 1256; x_wconf 88' lang='lat' dir='ltr'><em>ab</em></span> <span class='ocrx_word' id='word_1_129' title='bbox 1690 1216 1861 1256; x_wconf 85' lang='lat' dir='ltr'><em>illorum</em></span> <span class='ocrx_word' id='word_1_130' title='bbox 1893 1223 2024 1268; x_wconf 88' lang='lat' dir='ltr'><em>prece.</em></span> <span class='ocrx_word' id='word_1_131' title='bbox 2103 1217 2161 1256; x_wconf 81' lang='lat' dir='ltr'><strong>Et</strong></span> 
     </span>
     <span class='ocr_line' id='line_1_16' title="bbox 497 1285 2161 1338; baseline 0 -12"><span class='ocrx_word' id='word_1_132' title='bbox 497 1287 612 1327; x_wconf 87' lang='lat' dir='ltr'><strong>facta</strong></span> <span class='ocrx_word' id='word_1_133' title='bbox 653 1287 852 1326; x_wconf 91' lang='lat' dir='ltr'><strong>oratione</strong></span> <span class='ocrx_word' id='word_1_134' title='bbox 893 1286 1063 1338; x_wconf 88' lang='lat' dir='ltr'><strong>accepit</strong></span> <span class='ocrx_word' id='word_1_135' title='bbox 1105 1292 1237 1338; x_wconf 84' lang='lat' dir='ltr'><strong>caput</strong></span> <span class='ocrx_word' id='word_1_136' title='bbox 1272 1292 1315 1325; x_wconf 90' lang='lat' dir='ltr'><em>et</em></span> <span class='ocrx_word' id='word_1_137' title='bbox 1350 1285 1550 1325; x_wconf 77' lang='lat' dir='ltr'><em>adhaesit</em></span> <span class='ocrx_word' id='word_1_138' title='bbox 1582 1285 1752 1336; x_wconf 87' lang='lat' dir='ltr'>corpori</span> <span class='ocrx_word' id='word_1_139' title='bbox 1790 1292 1945 1325; x_wconf 89' lang='lat' dir='ltr'><strong>trunco</strong></span> <span class='ocrx_word' id='word_1_140' title='bbox 1986 1286 2161 1326; x_wconf 89' lang='lat' dir='ltr'><strong>dicens:</strong></span> 
     </span>
     <span class='ocr_line' id='line_1_17' title="bbox 494 1353 2214 1408; baseline -0.001 -13"><span class='ocrx_word' id='word_1_141' title='bbox 494 1356 548 1395; x_wconf 86' lang='lat' dir='ltr'><em>In</em></span> <span class='ocrx_word' id='word_1_142' title='bbox 583 1355 751 1395; x_wconf 84' lang='lat' dir='ltr'><em>nomine</em></span> <span class='ocrx_word' id='word_1_143' title='bbox 783 1354 968 1394; x_wconf 79' lang='lat' dir='ltr'><em>Domini</em></span> <span class='ocrx_word' id='word_1_144' title='bbox 996 1354 1137 1394; x_wconf 84' lang='lat' dir='ltr'><em>nostri</em></span> <span class='ocrx_word' id='word_1_145' title='bbox 1158 1354 1278 1394; x_wconf 83' lang='lat' dir='ltr'><em>Iesus</em></span> <span class='ocrx_word' id='word_1_146' title='bbox 1303 1353 1478 1401; x_wconf 72' lang='lat' dir='ltr'><em>Christi,</em></span> <span class='ocrx_word' id='word_1_147' title='bbox 1509 1354 1548 1393; x_wconf 83' lang='lat' dir='ltr'><em>T</em></span> <span class='ocrx_word' id='word_1_148' title='bbox 1547 1353 1704 1407; x_wconf 64' lang='lat' dir='ltr'><em>risina,1</em></span> <span class='ocrx_word' id='word_1_149' title='bbox 1737 1353 1820 1394; x_wconf 87' lang='lat' dir='ltr'><em>tibi</em></span> <span class='ocrx_word' id='word_1_150' title='bbox 1849 1353 1949 1403; x_wconf 89' lang='lat' dir='ltr'><em>dico,</em></span> <span class='ocrx_word' id='word_1_151' title='bbox 1974 1368 2102 1408; x_wconf 76' lang='lat' dir='ltr'><em>surge</em></span> <span class='ocrx_word' id='word_1_152' title='bbox 2125 1361 2166 1395; x_wconf 87' lang='lat' dir='ltr'><em>et</em></span> <span class='ocrx_word' id='word_1_153' title='bbox 2183 1373 2214 1401; x_wconf 74' lang='lat'><em>15</em></span> 
     </span>
     <span class='ocr_line' id='line_1_18' title="bbox 489 1421 2164 1476; baseline 0 -13"><span class='ocrx_word' id='word_1_154' title='bbox 489 1430 557 1463; x_wconf 87' lang='lat' dir='ltr'><em>sta</em></span> <span class='ocrx_word' id='word_1_155' title='bbox 585 1431 711 1476; x_wconf 86' lang='lat' dir='ltr'><em>super</em></span> <span class='ocrx_word' id='word_1_156' title='bbox 732 1422 861 1475; x_wconf 86' lang='lat' dir='ltr'><em>pedes</em></span> <span class='ocrx_word' id='word_1_157' title='bbox 890 1429 988 1462; x_wconf 88' lang='lat' dir='ltr'><em>tuas</em></span> <span class='ocrx_word' id='word_1_158' title='bbox 1017 1429 1058 1462; x_wconf 88' lang='lat' dir='ltr'><em>et</em></span> <span class='ocrx_word' id='word_1_159' title='bbox 1082 1422 1225 1462; x_wconf 83' lang='lat' dir='ltr'><em>indica</em></span> <span class='ocrx_word' id='word_1_160' title='bbox 1249 1421 1369 1470; x_wconf 73' lang='lat' dir='ltr'><em>milii,</em></span> <span class='ocrx_word' id='word_1_161' title='bbox 1391 1422 1503 1475; x_wconf 83' lang='lat' dir='ltr'><em>quid</em></span> <span class='ocrx_word' id='word_1_162' title='bbox 1529 1421 1700 1462; x_wconf 84' lang='lat' dir='ltr'><em>videris.</em></span> <span class='ocrx_word' id='word_1_163' title='bbox 1766 1421 1828 1462; x_wconf 82' lang='lat' dir='ltr'><strong>At</strong></span> <span class='ocrx_word' id='word_1_164' title='bbox 1858 1422 1931 1462; x_wconf 89' lang='lat' dir='ltr'><strong>illa</strong></span> <span class='ocrx_word' id='word_1_165' title='bbox 1953 1423 2164 1463; x_wconf 86' lang='lat' dir='ltr'><strong>continuo</strong></span> 
     </span>
     <span class='ocr_line' id='line_1_19' title="bbox 488 1491 2163 1544; baseline -0.001 -11"><span class='ocrx_word' id='word_1_166' title='bbox 488 1493 680 1534; x_wconf 87' lang='lat' dir='ltr'><strong>surrexit</strong></span> <span class='ocrx_word' id='word_1_167' title='bbox 714 1507 820 1532; x_wconf 87' lang='lat' dir='ltr'><strong>sana</strong></span> <span class='ocrx_word' id='word_1_168' title='bbox 846 1499 889 1532; x_wconf 90' lang='lat' dir='ltr'><em>et</em></span> <span class='ocrx_word' id='word_1_169' title='bbox 923 1492 1072 1532; x_wconf 87' lang='lat' dir='ltr'><strong>illaesa</strong></span> <span class='ocrx_word' id='word_1_170' title='bbox 1104 1492 1160 1531; x_wconf 90' lang='lat' dir='ltr'><strong>ab</strong></span> <span class='ocrx_word' id='word_1_171' title='bbox 1192 1492 1313 1531; x_wconf 90' lang='lat' dir='ltr'><strong>omni</strong></span> <span class='ocrx_word' id='word_1_172' title='bbox 1341 1492 1624 1544; x_wconf 81' lang='lat' dir='ltr'><strong>corruptione</strong></span> <span class='ocrx_word' id='word_1_173' title='bbox 1648 1497 1690 1531; x_wconf 88' lang='lat' dir='ltr'><em>et</em></span> <span class='ocrx_word' id='word_1_174' title='bbox 1713 1491 1985 1544; x_wconf 88' lang='lat' dir='ltr'><strong>respondens</strong></span> <span class='ocrx_word' id='word_1_175' title='bbox 2008 1500 2163 1532; x_wconf 89' lang='lat' dir='ltr'><strong>sancto</strong></span> 
     </span>
     <span class='ocr_line' id='line_1_20' title="bbox 488 1560 2163 1613; baseline -0.001 -11"><span class='ocrx_word' id='word_1_176' title='bbox 488 1563 580 1603; x_wconf 87' lang='lat' dir='ltr'><strong>viro</strong></span> <span class='ocrx_word' id='word_1_177' title='bbox 614 1562 758 1602; x_wconf 83' lang='lat' dir='ltr'><strong>dixit:</strong></span> <span class='ocrx_word' id='word_1_178' title='bbox 813 1561 866 1601; x_wconf 83' lang='lat' dir='ltr'><em>M</em></span> <span class='ocrx_word' id='word_1_179' title='bbox 865 1575 918 1600; x_wconf 70' lang='lat' dir='ltr'><em>ox</em></span> <span class='ocrx_word' id='word_1_180' title='bbox 956 1567 1005 1600; x_wconf 86' lang='lat' dir='ltr'><em>ut</em></span> <span class='ocrx_word' id='word_1_181' title='bbox 1045 1561 1264 1612; x_wconf 86' lang='lat' dir='ltr'><em>interfecta</em></span> <span class='ocrx_word' id='word_1_182' title='bbox 1297 1574 1406 1609; x_wconf 89' lang='lat' dir='ltr'><em>sum,</em></span> <span class='ocrx_word' id='word_1_183' title='bbox 1440 1561 1626 1613; x_wconf 74' lang='lat' dir='ltr'><em>angelico</em></span> <span class='ocrx_word' id='word_1_184' title='bbox 1661 1560 1937 1600; x_wconf 81' lang='lat' dir='ltr'><em>sustentabar</em></span> <span class='ocrx_word' id='word_1_185' title='bbox 1977 1561 2163 1601; x_wconf 72' lang='lat' dir='ltr'><em>vehiculo</em></span> 
     </span>
     <span class='ocr_line' id='line_1_21' title="bbox 487 1628 2163 1684; baseline -0.002 -13"><span class='ocrx_word' id='word_1_186' title='bbox 487 1631 617 1684; x_wconf 82' lang='lat' dir='ltr'><em>quasi</em></span> <span class='ocrx_word' id='word_1_187' title='bbox 663 1630 838 1670; x_wconf 76' lang='lat' dir='ltr'><em>ferenda</em></span> <span class='ocrx_word' id='word_1_188' title='bbox 878 1636 918 1669; x_wconf 88' lang='lat' dir='ltr'><em>et</em></span> <span class='ocrx_word' id='word_1_189' title='bbox 968 1629 1184 1681; x_wconf 75' lang='lat' dir='ltr'><em>iungenda</em></span> <span class='ocrx_word' id='word_1_190' title='bbox 1234 1629 1355 1668; x_wconf 78' lang='lat' dir='ltr'><em>clzoro</em></span> <span class='ocrx_word' id='word_1_191' title='bbox 1408 1635 1663 1680; x_wconf 79' lang='lat' dir='ltr'><em>martyrum,</em></span> <span class='ocrx_word' id='word_1_192' title='bbox 1705 1628 1781 1668; x_wconf 88' lang='lat' dir='ltr'><em>sed</em></span> <span class='ocrx_word' id='word_1_193' title='bbox 1823 1635 1898 1668; x_wconf 88' lang='lat' dir='ltr'><em>tua</em></span> <span class='ocrx_word' id='word_1_194' title='bbox 1949 1629 2163 1668; x_wconf 87' lang='lat' dir='ltr'><em>vocatione</em></span> 
     </span>
     <span class='ocr_line' id='line_1_22' title="bbox 489 1697 2214 1750; baseline -0.002 -9"><span class='ocrx_word' id='word_1_195' title='bbox 489 1714 658 1741; x_wconf 86' lang='lat' dir='ltr'><em>reversa</em></span> <span class='ocrx_word' id='word_1_196' title='bbox 694 1713 789 1739; x_wconf 90' lang='lat' dir='ltr'><em>sum</em></span> <span class='ocrx_word' id='word_1_197' title='bbox 823 1699 886 1738; x_wconf 87' lang='lat' dir='ltr'><em>ad</em></span> <span class='ocrx_word' id='word_1_198' title='bbox 922 1705 966 1738; x_wconf 89' lang='lat' dir='ltr'><em>te.</em></span> <span class='ocrx_word' id='word_1_199' title='bbox 1055 1698 1180 1738; x_wconf 91' lang='lat' dir='ltr'><strong>Tunc</strong></span> <span class='ocrx_word' id='word_1_200' title='bbox 1223 1698 1377 1738; x_wconf 85' lang='lat' dir='ltr'><strong>beatus</strong></span> <span class='ocrx_word' id='word_1_201' title='bbox 1411 1697 1565 1738; x_wconf 88' lang='lat' dir='ltr'><strong>Gildas</strong></span> <span class='ocrx_word' id='word_1_202' title='bbox 1602 1697 1732 1737; x_wconf 86' lang='lat' dir='ltr'><strong>duxit</strong></span> <span class='ocrx_word' id='word_1_203' title='bbox 1767 1711 1864 1737; x_wconf 89' lang='lat' dir='ltr'><em>eam</em></span> <span class='ocrx_word' id='word_1_204' title='bbox 1897 1697 1953 1737; x_wconf 90' lang='lat' dir='ltr'><strong>ad</strong></span> <span class='ocrx_word' id='word_1_205' title='bbox 1991 1704 2160 1750; x_wconf 88' lang='lat' dir='ltr'><strong>patrem</strong></span> <span class='ocrx_word' id='word_1_206' title='bbox 2181 1714 2214 1734; x_wconf 83' lang='lat' dir='ltr'><em>2c</em></span> 
     </span>
     <span class='ocr_line' id='line_1_23' title="bbox 491 1765 2163 1820; baseline -0.002 -11"><span class='ocrx_word' id='word_1_207' title='bbox 491 1782 616 1809; x_wconf 88' lang='lat' dir='ltr'><strong>suum</strong></span> <span class='ocrx_word' id='word_1_208' title='bbox 658 1775 701 1808; x_wconf 90' lang='lat' dir='ltr'><em>et</em></span> <span class='ocrx_word' id='word_1_209' title='bbox 742 1774 924 1820; x_wconf 87' lang='lat' dir='ltr'><strong>accepta</strong></span> <span class='ocrx_word' id='word_1_210' title='bbox 967 1780 1099 1807; x_wconf 88' lang='lat' dir='ltr'><strong>manu</strong></span> <span class='ocrx_word' id='word_1_211' title='bbox 1142 1768 1234 1807; x_wconf 91' lang='lat' dir='ltr'><strong>eius</strong></span> <span class='ocrx_word' id='word_1_212' title='bbox 1272 1765 1458 1806; x_wconf 82' lang='lat' dir='ltr'><strong>dextera</strong></span> <span class='ocrx_word' id='word_1_213' title='bbox 1503 1766 1695 1806; x_wconf 86' lang='lat' dir='ltr'><strong>reddidit</strong></span> <span class='ocrx_word' id='word_1_214' title='bbox 1742 1766 1779 1806; x_wconf 85' lang='lat' dir='ltr'><em>ei</em></span> <span class='ocrx_word' id='word_1_215' title='bbox 1823 1765 2007 1806; x_wconf 86' lang='lat' dir='ltr'><strong>dicens:</strong></span> <span class='ocrx_word' id='word_1_216' title='bbox 2061 1767 2163 1806; x_wconf 85' lang='lat' dir='ltr'><em>Ecce</em></span> 
     </span>
     <span class='ocr_line' id='line_1_24' title="bbox 489 1835 2161 1890; baseline -0.001 -12"><span class='ocrx_word' id='word_1_217' title='bbox 489 1837 735 1890; x_wconf 85' lang='lat' dir='ltr'><em>depositum,</em></span> <span class='ocrx_word' id='word_1_218' title='bbox 757 1836 872 1889; x_wconf 84' lang='lat' dir='ltr'><em>quod</em></span> <span class='ocrx_word' id='word_1_219' title='bbox 905 1835 1016 1875; x_wconf 70' lang='lat' dir='ltr'><em>milii</em></span> <span class='ocrx_word' id='word_1_220' title='bbox 1046 1835 1302 1875; x_wconf 81' lang='lat' dir='ltr'><em>tradidisti:</em></span> <span class='ocrx_word' id='word_1_221' title='bbox 1338 1835 1504 1874; x_wconf 86' lang='lat' dir='ltr'><em>custodi</em></span> <span class='ocrx_word' id='word_1_222' title='bbox 1536 1849 1629 1874; x_wconf 89' lang='lat' dir='ltr'><em>eam</em></span> <span class='ocrx_word' id='word_1_223' title='bbox 1664 1841 1713 1874; x_wconf 83' lang='lat' dir='ltr'><em>ut</em></span> <span class='ocrx_word' id='word_1_224' title='bbox 1731 1835 1883 1888; x_wconf 86' lang='lat' dir='ltr'><em>filiam</em></span> <span class='ocrx_word' id='word_1_225' title='bbox 1917 1841 1958 1875; x_wconf 90' lang='lat' dir='ltr'><em>et</em></span> <span class='ocrx_word' id='word_1_226' title='bbox 1982 1836 2161 1887; x_wconf 86' lang='lat' dir='ltr'><em>prolem,</em></span> 
     </span>
     <span class='ocr_line' id='line_1_25' title="bbox 490 1903 2166 1960; baseline -0.001 -14"><span class='ocrx_word' id='word_1_227' title='bbox 490 1920 611 1960; x_wconf 77' lang='lat' dir='ltr'><em>quem</em></span> <span class='ocrx_word' id='word_1_228' title='bbox 633 1911 778 1958; x_wconf 72' lang='lat' dir='ltr'><em>gestat</em></span> <span class='ocrx_word' id='word_1_229' title='bbox 799 1905 844 1944; x_wconf 86' lang='lat' dir='ltr'><em>iu</em></span> <span class='ocrx_word' id='word_1_230' title='bbox 874 1911 1001 1951; x_wconf 87' lang='lat' dir='ltr'><em>utero,</em></span> <span class='ocrx_word' id='word_1_231' title='bbox 1023 1904 1253 1956; x_wconf 74' lang='lat' dir='ltr'><em>diligenter</em></span> <span class='ocrx_word' id='word_1_232' title='bbox 1273 1904 1356 1955; x_wconf 84' lang='lat' dir='ltr'><em>sac</em></span> <span class='ocrx_word' id='word_1_233' title='bbox 1375 1903 1577 1952; x_wconf 81' lang='lat' dir='ltr'><em>enutrire,</em></span> <span class='ocrx_word' id='word_1_234' title='bbox 1598 1917 1692 1943; x_wconf 87' lang='lat' dir='ltr'><em>cum</em></span> <span class='ocrx_word' id='word_1_235' title='bbox 1717 1910 1846 1943; x_wconf 88' lang='lat' dir='ltr'><em>natus</em></span> <span class='ocrx_word' id='word_1_236' title='bbox 1857 1904 2017 1955; x_wconf 87' lang='lat' dir='ltr'><em>fuerit,</em></span> <span class='ocrx_word' id='word_1_237' title='bbox 2039 1904 2166 1944; x_wconf 83' lang='lat' dir='ltr'><em>donec</em></span> 
     </span>
     <span class='ocr_line' id='line_1_26' title="bbox 493 1972 2162 2026; baseline -0.001 -12"><span class='ocrx_word' id='word_1_238' title='bbox 493 1975 556 2014; x_wconf 87' lang='lat' dir='ltr'><em>ad</em></span> <span class='ocrx_word' id='word_1_239' title='bbox 573 1973 883 2026; x_wconf 61' lang='lat' dir='ltr'><em>intelligibilem</em></span> <span class='ocrx_word' id='word_1_240' title='bbox 906 1979 1086 2012; x_wconf 87' lang='lat' dir='ltr'><em>aetatem</em></span> <span class='ocrx_word' id='word_1_241' title='bbox 1114 1972 1350 2025; x_wconf 76' lang='lat' dir='ltr'><em>perveniat.</em></span> <span class='ocrx_word' id='word_1_242' title='bbox 1419 1973 1479 2012; x_wconf 62' lang='lat' dir='ltr'><strong>At</strong></span> <span class='ocrx_word' id='word_1_243' title='bbox 1503 1972 1575 2011; x_wconf 90' lang='lat' dir='ltr'><strong>illa</strong></span> <span class='ocrx_word' id='word_1_244' title='bbox 1599 1973 1679 2011; x_wconf 90' lang='lat' dir='ltr'><strong>sub</strong></span> <span class='ocrx_word' id='word_1_245' title='bbox 1703 1973 1982 2012; x_wconf 86' lang='lat' dir='ltr'><strong>iureiurando</strong></span> <span class='ocrx_word' id='word_1_246' title='bbox 2005 1973 2162 2022; x_wconf 83' lang='lat' dir='ltr'><strong>aiebat,</strong></span> 
     </span>
     <span class='ocr_line' id='line_1_27' title="bbox 497 2041 2214 2097; baseline -0.001 -14"><span class='ocrx_word' id='word_1_247' title='bbox 497 2046 601 2097; x_wconf 87' lang='lat' dir='ltr'><strong>quia</strong></span> <span class='ocrx_word' id='word_1_248' title='bbox 639 2057 875 2095; x_wconf 79' lang='lat' dir='ltr'><em>numquam</em></span> <span class='ocrx_word' id='word_1_249' title='bbox 914 2049 951 2082; x_wconf 89' lang='lat' dir='ltr'><em>te</em></span> <span class='ocrx_word' id='word_1_250' title='bbox 983 2042 1336 2094; x_wconf 84' lang='lat' dir='ltr'><em>deseram,pater.</em></span> <span class='ocrx_word' id='word_1_251' title='bbox 1416 2041 1496 2082; x_wconf 84' lang='lat' dir='ltr'><em>Cui</em></span> <span class='ocrx_word' id='word_1_252' title='bbox 1535 2041 1690 2081; x_wconf 84' lang='lat' dir='ltr'><strong>beatus</strong></span> <span class='ocrx_word' id='word_1_253' title='bbox 1725 2041 1877 2081; x_wconf 86' lang='lat' dir='ltr'><strong>Gildas</strong></span> <span class='ocrx_word' id='word_1_254' title='bbox 1908 2042 2161 2094; x_wconf 87' lang='lat' dir='ltr'><strong>respondit:</strong></span> <span class='ocrx_word' id='word_1_255' title='bbox 2182 2058 2214 2086; x_wconf 74' lang='lat'><em>25</em></span> 
     </span>
     <span class='ocr_line' id='line_1_28' title="bbox 496 2110 2164 2164; baseline -0.001 -12"><span class='ocrx_word' id='word_1_256' title='bbox 496 2113 595 2153; x_wconf 91' lang='lat' dir='ltr'><em>Non</em></span> <span class='ocrx_word' id='word_1_257' title='bbox 630 2112 739 2152; x_wconf 87' lang='lat' dir='ltr'><em>decet</em></span> <span class='ocrx_word' id='word_1_258' title='bbox 780 2111 999 2151; x_wconf 80' lang='lat' dir='ltr'><em>mulierem</em></span> <span class='ocrx_word' id='word_1_259' title='bbox 1031 2111 1232 2164; x_wconf 79' lang='lat' dir='ltr'><em>subsequi</em></span> <span class='ocrx_word' id='word_1_260' title='bbox 1265 2110 1516 2150; x_wconf 81' lang='lat' dir='ltr'><em>monaclmm</em></span> <span class='ocrx_word' id='word_1_261' title='bbox 1550 2110 1732 2163; x_wconf 79' lang='lat' dir='ltr'><em>quolibet</em></span> <span class='ocrx_word' id='word_1_262' title='bbox 1765 2110 1894 2160; x_wconf 92' lang='lat' dir='ltr'><em>modo,</em></span> <span class='ocrx_word' id='word_1_263' title='bbox 1927 2111 2005 2150; x_wconf 82' lang='lat' dir='ltr'><em>sed</em></span> <span class='ocrx_word' id='word_1_264' title='bbox 2041 2125 2164 2151; x_wconf 88' lang='lat' dir='ltr'><em>mane</em></span> 
     </span>
     <span class='ocr_line' id='line_1_29' title="bbox 496 2179 2165 2232; baseline -0.001 -11"><span class='ocrx_word' id='word_1_265' title='bbox 496 2181 669 2222; x_wconf 85' lang='lat' dir='ltr'><em>interim</em></span> <span class='ocrx_word' id='word_1_266' title='bbox 699 2181 744 2220; x_wconf 87' lang='lat' dir='ltr'><em>in</em></span> <span class='ocrx_word' id='word_1_267' title='bbox 766 2180 886 2220; x_wconf 88' lang='lat' dir='ltr'><em>domo</em></span> <span class='ocrx_word' id='word_1_268' title='bbox 903 2180 1046 2232; x_wconf 79' lang='lat' dir='ltr'><em>patris</em></span> <span class='ocrx_word' id='word_1_269' title='bbox 1067 2180 1143 2229; x_wconf 86' lang='lat' dir='ltr'><em>tui,</em></span> <span class='ocrx_word' id='word_1_270' title='bbox 1165 2180 1291 2219; x_wconf 85' lang='lat' dir='ltr'><em>donec</em></span> <span class='ocrx_word' id='word_1_271' title='bbox 1313 2179 1473 2232; x_wconf 85' lang='lat' dir='ltr'><em>parias,</em></span> <span class='ocrx_word' id='word_1_272' title='bbox 1496 2186 1535 2219; x_wconf 85' lang='lat' dir='ltr'><em>et</em></span> <span class='ocrx_word' id='word_1_273' title='bbox 1555 2194 1648 2219; x_wconf 89' lang='lat' dir='ltr'><em>cum</em></span> <span class='ocrx_word' id='word_1_274' title='bbox 1672 2180 1895 2232; x_wconf 71' lang='lat' dir='ltr'><em>pepereris,</em></span> <span class='ocrx_word' id='word_1_275' title='bbox 1919 2179 2165 2220; x_wconf 82' lang='lat' dir='ltr'><em>inducemus</em></span> 
     </span>
     <span class='ocr_line' id='line_1_30' title="bbox 495 2248 2162 2301; baseline -0.001 -11"><span class='ocrx_word' id='word_1_276' title='bbox 495 2257 534 2290; x_wconf 81' lang='lat' dir='ltr'><em>te</em></span> <span class='ocrx_word' id='word_1_277' title='bbox 555 2250 600 2290; x_wconf 87' lang='lat' dir='ltr'><em>iu</em></span> <span class='ocrx_word' id='word_1_278' title='bbox 631 2249 934 2289; x_wconf 85' lang='lat' dir='ltr'><em>monasterium</em></span> <span class='ocrx_word' id='word_1_279' title='bbox 969 2249 1191 2301; x_wconf 73' lang='lat' dir='ltr'><em>virginum</em></span> <span class='ocrx_word' id='word_1_280' title='bbox 1229 2255 1278 2288; x_wconf 85' lang='lat' dir='ltr'><em>ut</em></span> <span class='ocrx_word' id='word_1_281' title='bbox 1308 2263 1402 2288; x_wconf 86' lang='lat' dir='ltr'><em>cum</em></span> <span class='ocrx_word' id='word_1_282' title='bbox 1436 2248 1581 2288; x_wconf 85' lang='lat' dir='ltr'><em>ceteris</em></span> <span class='ocrx_word' id='word_1_283' title='bbox 1608 2248 1852 2300; x_wconf 61' lang='lat' dir='ltr'><em>virginibus</em></span> <span class='ocrx_word' id='word_1_284' title='bbox 1881 2249 2017 2288; x_wconf 79' lang='lat' dir='ltr'><em>vitam</em></span> <span class='ocrx_word' id='word_1_285' title='bbox 2040 2249 2162 2288; x_wconf 84' lang='lat' dir='ltr'><em>casti-</em></span> 
     </span>
     <span class='ocr_line' id='line_1_31' title="bbox 496 2317 2164 2370; baseline -0.001 -11"><span class='ocrx_word' id='word_1_286' title='bbox 496 2319 661 2359; x_wconf 86' lang='lat' dir='ltr'><em>moniae</em></span> <span class='ocrx_word' id='word_1_287' title='bbox 688 2319 834 2358; x_wconf 89' lang='lat' dir='ltr'><em>ducere</em></span> <span class='ocrx_word' id='word_1_288' title='bbox 857 2318 1007 2370; x_wconf 88' lang='lat' dir='ltr'><em>possis.</em></span> <span class='ocrx_word' id='word_1_289' title='bbox 1071 2318 1198 2358; x_wconf 91' lang='lat' dir='ltr'><strong>Tunc</strong></span> <span class='ocrx_word' id='word_1_290' title='bbox 1225 2317 1390 2370; x_wconf 78' lang='lat' dir='ltr'><strong>placuit</strong></span> <span class='ocrx_word' id='word_1_291' title='bbox 1422 2318 1458 2357; x_wconf 90' lang='lat' dir='ltr'><em>ei</em></span> <span class='ocrx_word' id='word_1_292' title='bbox 1489 2318 1566 2357; x_wconf 87' lang='lat' dir='ltr'><strong>viri</strong></span> <span class='ocrx_word' id='word_1_293' title='bbox 1600 2318 1681 2357; x_wconf 89' lang='lat' dir='ltr'><strong>Dei</strong></span> <span class='ocrx_word' id='word_1_294' title='bbox 1714 2331 1858 2357; x_wconf 86' lang='lat' dir='ltr'><strong>sermo</strong></span> <span class='ocrx_word' id='word_1_295' title='bbox 1881 2325 1923 2358; x_wconf 90' lang='lat' dir='ltr'><em>et</em></span> <span class='ocrx_word' id='word_1_296' title='bbox 1955 2319 2164 2358; x_wconf 82' lang='lat' dir='ltr'><strong>remansit</strong></span> 
     </span>
     <span class='ocr_line' id='line_1_32' title="bbox 497 2387 2214 2440; baseline -0.003 -13"><span class='ocrx_word' id='word_1_297' title='bbox 497 2389 538 2428; x_wconf 92' lang='lat' dir='ltr'><strong>in</strong></span> <span class='ocrx_word' id='word_1_298' title='bbox 562 2389 697 2428; x_wconf 90' lang='lat' dir='ltr'><strong>domo</strong></span> <span class='ocrx_word' id='word_1_299' title='bbox 721 2388 857 2440; x_wconf 86' lang='lat' dir='ltr'><strong>patris</strong></span> <span class='ocrx_word' id='word_1_300' title='bbox 881 2387 946 2427; x_wconf 89' lang='lat' dir='ltr'><em>sui</em></span> <span class='ocrx_word' id='word_1_301' title='bbox 971 2388 1122 2440; x_wconf 80' lang='lat' dir='ltr'><strong>paucis</strong></span> <span class='ocrx_word' id='word_1_302' title='bbox 1145 2387 1310 2427; x_wconf 90' lang='lat' dir='ltr'><strong>diebus.</strong></span> <span class='ocrx_word' id='word_1_303' title='bbox 2183 2403 2214 2430; x_wconf 82' lang='lat' dir='ltr'><em>3c</em></span> 
     </span>
    </p>

    <p class='ocr_par' dir='ltr' id='par_1_5' title="bbox 497 2455 2214 2853">
     <span class='ocr_line' id='line_1_33' title="bbox 584 2455 2209 2509; baseline -0.002 -13"><span class='ocrx_word' id='word_1_304' title='bbox 584 2457 685 2496; x_wconf 91' lang='lat' dir='ltr'><em>Non</em></span> <span class='ocrx_word' id='word_1_305' title='bbox 710 2456 849 2496; x_wconf 88' lang='lat' dir='ltr'><strong>multo</strong></span> <span class='ocrx_word' id='word_1_306' title='bbox 872 2463 971 2509; x_wconf 87' lang='lat' dir='ltr'><strong>post</strong></span> <span class='ocrx_word' id='word_1_307' title='bbox 999 2463 1176 2509; x_wconf 86' lang='lat' dir='ltr'><strong>peracto</strong></span> <span class='ocrx_word' id='word_1_308' title='bbox 1199 2462 1409 2509; x_wconf 90' lang='lat' dir='ltr'><strong>tempore,</strong></span> <span class='ocrx_word' id='word_1_309' title='bbox 1432 2469 1532 2496; x_wconf 91' lang='lat' dir='ltr'><em>cum</em></span> <span class='ocrx_word' id='word_1_310' title='bbox 1557 2455 1712 2496; x_wconf 88' lang='lat' dir='ltr'><strong>mulier</strong></span> <span class='ocrx_word' id='word_1_311' title='bbox 1734 2455 1872 2495; x_wconf 88' lang='lat' dir='ltr'><strong>filium</strong></span> <span class='ocrx_word' id='word_1_312' title='bbox 1908 2456 2162 2509; x_wconf 79' lang='lat' dir='ltr'><strong>peperisset,</strong></span> <span class='ocrx_word' id='word_1_313' title='bbox 2187 2464 2209 2493; x_wconf 89' lang='lat'><strong>2</strong></span> 
     </span>
     <span class='ocr_line' id='line_1_34' title="bbox 497 2525 2160 2577; baseline -0.002 -10"><span class='ocrx_word' id='word_1_314' title='bbox 497 2527 748 2567; x_wconf 88' lang='lat' dir='ltr'><strong>nuntiatum</strong></span> <span class='ocrx_word' id='word_1_315' title='bbox 773 2532 837 2565; x_wconf 88' lang='lat' dir='ltr'><em>est</em></span> <span class='ocrx_word' id='word_1_316' title='bbox 872 2526 926 2565; x_wconf 88' lang='lat' dir='ltr'><strong>ad</strong></span> <span class='ocrx_word' id='word_1_317' title='bbox 952 2525 1130 2565; x_wconf 88' lang='lat' dir='ltr'><strong>beatum</strong></span> <span class='ocrx_word' id='word_1_318' title='bbox 1168 2525 1345 2566; x_wconf 87' lang='lat' dir='ltr'><strong>Gildam</strong></span> <span class='ocrx_word' id='word_1_319' title='bbox 1373 2541 1380 2565; x_wconf 75' lang='grc' dir='ltr'>ε</span> <span class='ocrx_word' id='word_1_320' title='bbox 1414 2525 1487 2577; x_wconf 84' lang='lat' dir='ltr'><strong>qui</strong></span> <span class='ocrx_word' id='word_1_321' title='bbox 1523 2525 1648 2564; x_wconf 88' lang='lat' dir='ltr'><strong>iussit</strong></span> <span class='ocrx_word' id='word_1_322' title='bbox 1683 2525 1912 2576; x_wconf 87' lang='lat' dir='ltr'><strong>puerulum</strong></span> <span class='ocrx_word' id='word_1_323' title='bbox 1950 2525 2160 2577; x_wconf 86' lang='lat' dir='ltr'><strong>baptizari</strong></span> 
     </span>
     <span class='ocr_line' id='line_1_35' title="bbox 497 2593 2161 2647; baseline -0.001 -12"><span class='ocrx_word' id='word_1_324' title='bbox 497 2608 746 2647; x_wconf 85' lang='lat' dir='ltr'><strong>nomenque</strong></span> <span class='ocrx_word' id='word_1_325' title='bbox 797 2607 925 2634; x_wconf 89' lang='lat' dir='ltr'><strong>suurn</strong></span> <span class='ocrx_word' id='word_1_326' title='bbox 977 2594 1015 2634; x_wconf 84' lang='lat' dir='ltr'><em>ei</em></span> <span class='ocrx_word' id='word_1_327' title='bbox 1066 2596 1293 2647; x_wconf 86' lang='lat' dir='ltr'><strong>imponere</strong></span> <span class='ocrx_word' id='word_1_328' title='bbox 1336 2593 1448 2643; x_wconf 89' lang='lat' dir='ltr'><strong>fecit,</strong></span> <span class='ocrx_word' id='word_1_329' title='bbox 1481 2601 1524 2634; x_wconf 90' lang='lat' dir='ltr'><em>et</em></span> <span class='ocrx_word' id='word_1_330' title='bbox 1579 2593 1850 2633; x_wconf 78' lang='lat' dir='ltr'><strong>ablactatum</strong></span> <span class='ocrx_word' id='word_1_331' title='bbox 1910 2593 2161 2634; x_wconf 85' lang='lat' dir='ltr'><strong>liberalibus</strong></span> 
     </span>
     <span class='ocr_line' id='line_1_36' title="bbox 497 2661 2160 2713; baseline -0.002 -10"><span class='ocrx_word' id='word_1_332' title='bbox 497 2663 738 2703; x_wconf 89' lang='lat' dir='ltr'><strong>litterarum</strong></span> <span class='ocrx_word' id='word_1_333' title='bbox 773 2662 928 2702; x_wconf 88' lang='lat' dir='ltr'><strong>studiis</strong></span> <span class='ocrx_word' id='word_1_334' title='bbox 962 2662 1251 2702; x_wconf 89' lang='lat' dir='ltr'><strong>erudiendum</strong></span> <span class='ocrx_word' id='word_1_335' title='bbox 1283 2661 1465 2702; x_wconf 82' lang='lat' dir='ltr'><strong>tradidit</strong></span> <span class='ocrx_word' id='word_1_336' title='bbox 1499 2669 1774 2713; x_wconf 89' lang='lat' dir='ltr'><strong>matremque</strong></span> <span class='ocrx_word' id='word_1_337' title='bbox 1796 2661 1889 2700; x_wconf 91' lang='lat' dir='ltr'><strong>eius</strong></span> <span class='ocrx_word' id='word_1_338' title='bbox 1921 2662 1961 2700; x_wconf 88' lang='lat' dir='ltr'><strong>in</strong></span> <span class='ocrx_word' id='word_1_339' title='bbox 1988 2675 2160 2701; x_wconf 86' lang='lat' dir='ltr'><strong>monas-</strong></span> 
     </span>
     <span class='ocr_line' id='line_1_37' title="bbox 497 2729 2214 2783; baseline 0 -12"><span class='ocrx_word' id='word_1_340' title='bbox 497 2733 606 2771; x_wconf 88' lang='lat' dir='ltr'><strong>terio</strong></span> <span class='ocrx_word' id='word_1_341' title='bbox 628 2732 847 2783; x_wconf 80' lang='lat' dir='ltr'><strong>virginum</strong></span> <span class='ocrx_word' id='word_1_342' title='bbox 871 2744 959 2770; x_wconf 88' lang='lat' dir='ltr'><strong>una</strong></span> <span class='ocrx_word' id='word_1_343' title='bbox 981 2745 1080 2770; x_wconf 90' lang='lat' dir='ltr'><em>cum</em></span> <span class='ocrx_word' id='word_1_344' title='bbox 1105 2732 1259 2770; x_wconf 87' lang='lat' dir='ltr'><strong>ceteris</strong></span> <span class='ocrx_word' id='word_1_345' title='bbox 1283 2731 1452 2770; x_wconf 88' lang='lat' dir='ltr'><strong>ancillis</strong></span> <span class='ocrx_word' id='word_1_346' title='bbox 1479 2730 1561 2769; x_wconf 88' lang='lat' dir='ltr'><strong>Dei</strong></span> <span class='ocrx_word' id='word_1_347' title='bbox 1588 2742 1843 2781; x_wconf 89' lang='lat' dir='ltr'><strong>permanere</strong></span> <span class='ocrx_word' id='word_1_348' title='bbox 1869 2729 1980 2769; x_wconf 86' lang='lat' dir='ltr'><strong>fecit.</strong></span> <span class='ocrx_word' id='word_1_349' title='bbox 2035 2729 2162 2782; x_wconf 76' lang='lat' dir='ltr'><strong>Quae</strong></span> <span class='ocrx_word' id='word_1_350' title='bbox 2183 2744 2214 2771; x_wconf 76' lang='lat'><em>35</em></span> 
     </span>
     <span class='ocr_line' id='line_1_38' title="bbox 499 2798 2160 2853; baseline -0.001 -13"><span class='ocrx_word' id='word_1_351' title='bbox 499 2807 653 2853; x_wconf 88' lang='lat' dir='ltr'><strong>postea</strong></span> <span class='ocrx_word' id='word_1_352' title='bbox 686 2801 726 2839; x_wconf 91' lang='lat' dir='ltr'><strong>in</strong></span> <span class='ocrx_word' id='word_1_353' title='bbox 766 2801 968 2840; x_wconf 86' lang='lat' dir='ltr'><strong>castitate</strong></span> <span class='ocrx_word' id='word_1_354' title='bbox 1004 2800 1100 2839; x_wconf 89' lang='lat' dir='ltr'><em>Deo</em></span> <span class='ocrx_word' id='word_1_355' title='bbox 1136 2800 1340 2847; x_wconf 84' lang='lat' dir='ltr'><strong>serviens,</strong></span> <span class='ocrx_word' id='word_1_356' title='bbox 1365 2800 1405 2838; x_wconf 92' lang='lat' dir='ltr'><strong>in</strong></span> <span class='ocrx_word' id='word_1_357' title='bbox 1440 2799 1609 2838; x_wconf 86' lang='lat' dir='ltr'><strong>ieiuniis</strong></span> <span class='ocrx_word' id='word_1_358' title='bbox 1644 2805 1687 2838; x_wconf 91' lang='lat' dir='ltr'><em>et</em></span> <span class='ocrx_word' id='word_1_359' title='bbox 1722 2798 1992 2837; x_wconf 87' lang='lat' dir='ltr'><strong>orationibus</strong></span> <span class='ocrx_word' id='word_1_360' title='bbox 2026 2799 2160 2838; x_wconf 87' lang='lat' dir='ltr'><strong>vitam</strong></span> 
     </span>
    </p>
   </div>
   <div class='ocr_carea' id='block_1_4' title="bbox 499 2932 2165 3266">
    <p class='ocr_par' dir='ltr' id='par_1_6' title="bbox 499 2932 2165 3266">
     <span class='ocr_line' id='line_1_39' title="bbox 570 2932 2156 2978; baseline 0.001 -11"><span class='ocrx_word' id='word_1_361' title='bbox 570 2934 579 2954; x_wconf 88' lang='lat'>¹</span> <span class='ocrx_word' id='word_1_362' title='bbox 614 2934 767 2978; x_wconf 80' lang='lat' dir='ltr'><em>Trifina,</em></span> <span class='ocrx_word' id='word_1_363' title='bbox 810 2933 1059 2967; x_wconf 78' lang='lat' dir='ltr'><em>Treclcmorus.</em></span> <span class='ocrx_word' id='word_1_364' title='bbox 1111 2935 1241 2968; x_wconf 86' lang='lat' dir='ltr'><strong>Albert</strong></span> <span class='ocrx_word' id='word_1_365' title='bbox 1280 2935 1312 2968; x_wconf 93' lang='lat' dir='ltr'><strong>le</strong></span> <span class='ocrx_word' id='word_1_366' title='bbox 1341 2934 1470 2968; x_wconf 87' lang='lat' dir='ltr'><strong>Grand</strong></span> <span class='ocrx_word' id='word_1_367' title='bbox 1505 2934 1595 2967; x_wconf 80' lang='lat' dir='ltr'><strong>calls</strong></span> <span class='ocrx_word' id='word_1_368' title='bbox 1638 2933 1701 2966; x_wconf 89' lang='lat' dir='ltr'><em>the</em></span> <span class='ocrx_word' id='word_1_369' title='bbox 1732 2932 1819 2976; x_wconf 83' lang='lat' dir='ltr'><strong>lady</strong></span> <span class='ocrx_word' id='word_1_370' title='bbox 1855 2932 1874 2948; x_wconf 92' lang='lat'><strong>“</strong></span> <span class='ocrx_word' id='word_1_371' title='bbox 1890 2933 1925 2966; x_wconf 84' lang='lat' dir='ltr'><strong>la</strong></span> <span class='ocrx_word' id='word_1_372' title='bbox 1961 2933 2156 2968; x_wconf 88' lang='lat' dir='ltr'><strong>Comtesse</strong></span> 
     </span>
     <span class='ocr_line' id='line_1_40' title="bbox 499 2989 2163 3036; baseline 0.001 -11"><span class='ocrx_word' id='word_1_373' title='bbox 499 2991 714 3036; x_wconf 82' lang='lat' dir='ltr'><strong>Triphine”;</strong></span> <span class='ocrx_word' id='word_1_374' title='bbox 751 2992 824 3025; x_wconf 84' lang='lat' dir='ltr'><strong>and</strong></span> <span class='ocrx_word' id='word_1_375' title='bbox 854 2992 915 3025; x_wconf 80' lang='lat' dir='ltr'><em>the</em></span> <span class='ocrx_word' id='word_1_376' title='bbox 943 3003 1022 3033; x_wconf 92' lang='lat' dir='ltr'><em>son,</em></span> <span class='ocrx_word' id='word_1_377' title='bbox 1043 2993 1164 3025; x_wconf 86' lang='lat' dir='ltr'><strong>whom</strong></span> <span class='ocrx_word' id='word_1_378' title='bbox 1186 2992 1316 3026; x_wconf 77' lang='lat' dir='ltr'><strong>Gilclas</strong></span> <span class='ocrx_word' id='word_1_379' title='bbox 1343 2991 1490 3026; x_wconf 86' lang='lat' dir='ltr'><strong>(lesired</strong></span> <span class='ocrx_word' id='word_1_380' title='bbox 1519 2998 1556 3025; x_wconf 87' lang='lat' dir='ltr'><strong>to</strong></span> <span class='ocrx_word' id='word_1_381' title='bbox 1585 2992 1630 3024; x_wconf 90' lang='lat' dir='ltr'><strong>be</strong></span> <span class='ocrx_word' id='word_1_382' title='bbox 1653 2990 1790 3024; x_wconf 83' lang='lat' dir='ltr'><strong>named</strong></span> <span class='ocrx_word' id='word_1_383' title='bbox 1819 2989 1912 3024; x_wconf 87' lang='lat' dir='ltr'><strong>after</strong></span> <span class='ocrx_word' id='word_1_384' title='bbox 1936 2990 2094 3034; x_wconf 82' lang='lat' dir='ltr'><strong>himself,</strong></span> <span class='ocrx_word' id='word_1_385' title='bbox 2127 2999 2163 3026; x_wconf 83' lang='lat' dir='ltr'><strong>to</strong></span> 
     </span>
     <span class='ocr_line' id='line_1_41' title="bbox 502 3047 2163 3093; baseline 0.001 -12"><span class='ocrx_word' id='word_1_386' title='bbox 502 3050 633 3091; x_wconf 84' lang='lat' dir='ltr'><em>whom,</em></span> <span class='ocrx_word' id='word_1_387' title='bbox 653 3049 835 3091; x_wconf 82' lang='lat' dir='ltr'><strong>however,</strong></span> <span class='ocrx_word' id='word_1_388' title='bbox 855 3049 916 3082; x_wconf 84' lang='lat' dir='ltr'><em>the</em></span> <span class='ocrx_word' id='word_1_389' title='bbox 934 3050 1090 3083; x_wconf 77' lang='lat' dir='ltr'><strong>Bretons</strong></span> <span class='ocrx_word' id='word_1_390' title='bbox 1110 3061 1204 3093; x_wconf 75' lang='lat' dir='ltr'><strong>gave</strong></span> <span class='ocrx_word' id='word_1_391' title='bbox 1223 3050 1284 3083; x_wconf 90' lang='lat' dir='ltr'><em>the</em></span> <span class='ocrx_word' id='word_1_392' title='bbox 1304 3060 1413 3083; x_wconf 84' lang='lat' dir='ltr'><strong>name</strong></span> <span class='ocrx_word' id='word_1_393' title='bbox 1441 3049 1691 3086; x_wconf 72' lang='lat' dir='ltr'><em>Trechmorus,</em></span> <span class='ocrx_word' id='word_1_394' title='bbox 1705 3048 1751 3081; x_wconf 90' lang='lat' dir='ltr'><strong>he</strong></span> <span class='ocrx_word' id='word_1_395' title='bbox 1771 3047 1923 3080; x_wconf 85' lang='lat' dir='ltr'><strong>informs</strong></span> <span class='ocrx_word' id='word_1_396' title='bbox 1937 3059 1978 3081; x_wconf 88' lang='lat' dir='ltr'><strong>us</strong></span> <span class='ocrx_word' id='word_1_397' title='bbox 1998 3047 2026 3081; x_wconf 87' lang='lat' dir='ltr'><em>is</em></span> <span class='ocrx_word' id='word_1_398' title='bbox 2045 3049 2163 3082; x_wconf 85' lang='lat' dir='ltr'><strong>called</strong></span> 
     </span>
     <span class='ocr_line' id='line_1_42' title="bbox 502 3106 2165 3152; baseline 0.001 -14"><span class='ocrx_word' id='word_1_399' title='bbox 502 3107 555 3139; x_wconf 72' lang='lat' dir='ltr'><em>St.</em></span> <span class='ocrx_word' id='word_1_400' title='bbox 584 3107 720 3139; x_wconf 73' lang='lat' dir='ltr'><em>Trewer</em></span> <span class='ocrx_word' id='word_1_401' title='bbox 736 3106 770 3140; x_wconf 84' lang='lat' dir='ltr'><strong>in</strong></span> <span class='ocrx_word' id='word_1_402' title='bbox 788 3107 966 3151; x_wconf 77' lang='lat' dir='ltr'><strong>Britanny</strong></span> <span class='ocrx_word' id='word_1_403' title='bbox 986 3108 1054 3150; x_wconf 90' lang='lat' dir='ltr'><strong>(les</strong></span> <span class='ocrx_word' id='word_1_404' title='bbox 1084 3109 1241 3142; x_wconf 77' lang='lat' dir='ltr'><strong>Bretons</strong></span> <span class='ocrx_word' id='word_1_405' title='bbox 1257 3108 1468 3152; x_wconf 75' lang='lat' dir='ltr'><strong>l&#39;appellent</strong></span> <span class='ocrx_word' id='word_1_406' title='bbox 1491 3108 1525 3140; x_wconf 99' lang='lat' dir='ltr'>S</span> <span class='ocrx_word' id='word_1_407' title='bbox 1546 3107 1700 3149; x_wconf 78' lang='lat' dir='ltr'><strong>Trever)</strong></span> <span class='ocrx_word' id='word_1_408' title='bbox 1720 3119 1726 3146; x_wconf 89' lang='lat'>;</span> <span class='ocrx_word' id='word_1_409' title='bbox 1754 3106 1856 3139; x_wconf 80' lang='lat' dir='ltr'><strong>there</strong></span> <span class='ocrx_word' id='word_1_410' title='bbox 1876 3117 1950 3139; x_wconf 84' lang='lat' dir='ltr'><em>was</em></span> <span class='ocrx_word' id='word_1_411' title='bbox 1969 3117 2014 3139; x_wconf 85' lang='lat' dir='ltr'><strong>an</strong></span> <span class='ocrx_word' id='word_1_412' title='bbox 2035 3106 2165 3140; x_wconf 87' lang='lat' dir='ltr'><strong>earlier</strong></span> 
     </span>
     <span class='ocr_line' id='line_1_43' title="bbox 501 3163 2163 3208; baseline 0.001 -12"><span class='ocrx_word' id='word_1_413' title='bbox 501 3163 606 3204; x_wconf 82' lang='lat' dir='ltr'><strong>form,</strong></span> <span class='ocrx_word' id='word_1_414' title='bbox 619 3165 802 3198; x_wconf 67' lang='lat' dir='ltr'><em>Trdmeur.</em></span> <span class='ocrx_word' id='word_1_415' title='bbox 844 3166 951 3198; x_wconf 85' lang='lat' dir='ltr'><em>Dom.</em></span> <span class='ocrx_word' id='word_1_416' title='bbox 970 3165 1172 3207; x_wconf 85' lang='lat' dir='ltr'><strong>Lobineau,</strong></span> <span class='ocrx_word' id='word_1_417' title='bbox 1189 3165 1222 3199; x_wconf 84' lang='lat' dir='ltr'><strong>in</strong></span> <span class='ocrx_word' id='word_1_418' title='bbox 1237 3165 1294 3199; x_wconf 89' lang='lat' dir='ltr'><em>his</em></span> <span class='ocrx_word' id='word_1_419' title='bbox 1311 3166 1389 3199; x_wconf 82' lang='lat' dir='ltr'><em>Vies</em></span> <span class='ocrx_word' id='word_1_420' title='bbox 1400 3166 1461 3199; x_wconf 81' lang='lat' dir='ltr'><em>des</em></span> <span class='ocrx_word' id='word_1_421' title='bbox 1473 3166 1604 3198; x_wconf 78' lang='lat' dir='ltr'><em>Saiuts</em></span> <span class='ocrx_word' id='word_1_422' title='bbox 1615 3164 1657 3198; x_wconf 84' lang='lat' dir='ltr'><em>de</em></span> <span class='ocrx_word' id='word_1_423' title='bbox 1674 3164 1867 3208; x_wconf 73' lang='lat' dir='ltr'><em>Brelagne,</em></span> <span class='ocrx_word' id='word_1_424' title='bbox 1883 3164 1950 3197; x_wconf 85' lang='lat' dir='ltr'><em>has</em></span> <span class='ocrx_word' id='word_1_425' title='bbox 1968 3164 2163 3207; x_wconf 83' lang='lat' dir='ltr'><strong>published</strong></span> 
     </span>
     <span class='ocr_line' id='line_1_44' title="bbox 501 3218 1499 3266; baseline 0.001 -14"><span class='ocrx_word' id='word_1_426' title='bbox 501 3218 597 3252; x_wconf 77' lang='lat' dir='ltr'><em>Acta</em></span> <span class='ocrx_word' id='word_1_427' title='bbox 616 3219 657 3251; x_wconf 87' lang='lat' dir='ltr'><em>of</em></span> <span class='ocrx_word' id='word_1_428' title='bbox 671 3219 810 3254; x_wconf 78' lang='lat' dir='ltr'><strong>Tritina</strong></span> <span class='ocrx_word' id='word_1_429' title='bbox 830 3219 903 3254; x_wconf 81' lang='lat' dir='ltr'><strong>and</strong></span> <span class='ocrx_word' id='word_1_430' title='bbox 924 3220 988 3254; x_wconf 91' lang='lat' dir='ltr'><em>her</em></span> <span class='ocrx_word' id='word_1_431' title='bbox 1003 3232 1070 3254; x_wconf 89' lang='lat' dir='ltr'><strong>son</strong></span> <span class='ocrx_word' id='word_1_432' title='bbox 1090 3221 1340 3255; x_wconf 81' lang='lat' dir='ltr'><strong>Trechmorus</strong></span> <span class='ocrx_word' id='word_1_433' title='bbox 1360 3221 1408 3266; x_wconf 86' lang='lat' dir='ltr'><em>(p.</em></span> <span class='ocrx_word' id='word_1_434' title='bbox 1430 3220 1499 3263; x_wconf 85' lang='lat'>78).</span> 
     </span>
    </p>
   </div>
  </div>
 </body>
</html>
