<?xml version="1.0" encoding="UTF-8"?>
<!DOCTYPE html PUBLIC "-//W3C//DTD XHTML 1.0 Transitional//EN"
    "http://www.w3.org/TR/xhtml1/DTD/xhtml1-transitional.dtd">
<html xmlns="http://www.w3.org/1999/xhtml" xml:lang="en" lang="en">
 <head>
  <title>
</title>
<meta http-equiv="Content-Type" content="text/html;charset=utf-8" />
  <meta name='ocr-system' content='tesseract 3.04.00' />
  <meta name='ocr-capabilities' content='ocr_page ocr_carea ocr_par ocr_line ocrx_word'/>
</head>
<body>
  <div class='ocr_page' id='page_1' title='image "./gildaedeexcidiob00gilduoft_0154.png"; bbox 0 0 2173 3556; ppageno 0'>
   <div class='ocr_carea' id='block_1_1' title="bbox 100 493 195 519">
    <p class='ocr_par' dir='ltr' id='par_1_1' title="bbox 100 493 195 519">
     <span class='ocr_line' id='line_1_1' title="bbox 100 493 195 519; baseline 0.011 -1"><span class='ocrx_word' id='word_1_1' title='bbox 100 493 195 519; x_wconf 70' lang='grc' dir='ltr'><em>·’.“ιιϊΙι.</em></span> 
     </span>
    </p>
   </div>
   <div class='ocr_carea' id='block_1_2' title="bbox 91 558 157 585">
    <p class='ocr_par' dir='ltr' id='par_1_2' title="bbox 91 558 157 585">
     <span class='ocr_line' id='line_1_2' title="bbox 91 558 157 585; baseline 0 -1"><span class='ocrx_word' id='word_1_2' title='bbox 91 558 157 585; x_wconf 65' lang='lat' dir='ltr'><em>lszcr</em></span> 
     </span>
    </p>
   </div>
   <div class='ocr_carea' id='block_1_3' title="bbox 161 558 194 585">
    <p class='ocr_par' dir='ltr' id='par_1_3' title="bbox 161 558 194 585">
     <span class='ocr_line' id='line_1_3' title="bbox 161 558 194 585; baseline 0.03 -1"><span class='ocrx_word' id='word_1_3' title='bbox 161 558 194 585; x_wconf 71' lang='lat' dir='ltr'><em>h.</em></span> 
     </span>
    </p>
   </div>
   <div class='ocr_carea' id='block_1_4' title="bbox 216 492 346 591">
    <p class='ocr_par' dir='ltr' id='par_1_4' title="bbox 216 492 346 591">
     <span class='ocr_line' id='line_1_4' title="bbox 217 492 300 528; baseline 0.024 -9"><span class='ocrx_word' id='word_1_4' title='bbox 217 492 255 525; x_wconf 79' lang='lat' dir='ltr'><em>ix,</em></span> <span class='ocrx_word' id='word_1_5' title='bbox 273 501 300 528; x_wconf 88' lang='grc'><em>9.</em></span> 
     </span>
     <span class='ocr_line' id='line_1_5' title="bbox 216 559 346 591; baseline 0.031 -7"><span class='ocrx_word' id='word_1_6' title='bbox 216 567 242 590; x_wconf 76' lang='lat' dir='ltr'><em>v,</em></span> <span class='ocrx_word' id='word_1_7' title='bbox 257 559 283 591; x_wconf 87' lang='grc'><em>8,</em></span> <span class='ocrx_word' id='word_1_8' title='bbox 301 567 346 588; x_wconf 92' lang='lat'><em>11.</em></span> 
     </span>
    </p>
   </div>
   <div class='ocr_carea' id='block_1_5' title="bbox 384 276 1530 334">
    <p class='ocr_par' dir='ltr' id='par_1_5' title="bbox 384 276 1530 334">
     <span class='ocr_line' id='line_1_6' title="bbox 384 276 1530 334; baseline 0.003 -13"><span class='ocrx_word' id='word_1_9' title='bbox 384 290 469 334; x_wconf 83' lang='lat'><em>142</em></span> <span class='ocrx_word' id='word_1_10' title='bbox 877 276 957 324; x_wconf 82' lang='lat' dir='ltr'><em>De</em></span> <span class='ocrx_word' id='word_1_11' title='bbox 980 277 1192 325; x_wconf 79' lang='lat' dir='ltr'><em>Excidio</em></span> <span class='ocrx_word' id='word_1_12' title='bbox 1215 277 1530 324; x_wconf 78' lang='lat' dir='ltr'><em>Britanniae.</em></span> 
     </span>
    </p>
   </div>
   <div class='ocr_carea' id='block_1_6' title="bbox 363 411 2032 672">
    <p class='ocr_par' dir='ltr' id='par_1_6' title="bbox 363 411 2032 672">
     <span class='ocr_line' id='line_1_7' title="bbox 372 411 2031 466; baseline 0.001 -16"><span class='ocrx_word' id='word_1_13' title='bbox 372 411 440 450; x_wconf 91' lang='lat' dir='ltr'><strong>cui</strong></span> <span class='ocrx_word' id='word_1_14' title='bbox 479 412 667 463; x_wconf 87' lang='lat' dir='ltr'><strong>primum</strong></span> <span class='ocrx_word' id='word_1_15' title='bbox 714 413 933 453; x_wconf 83' lang='lat' dir='ltr'>Dominus</span> <span class='ocrx_word' id='word_1_16' title='bbox 977 413 1282 453; x_wconf 83' lang='lat' dir='ltr'><strong>miserabiliter</strong></span> <span class='ocrx_word' id='word_1_17' title='bbox 1324 413 1500 466; x_wconf 81' lang='lat' dir='ltr'>plagam</span> <span class='ocrx_word' id='word_1_18' title='bbox 1548 412 1681 452; x_wconf 83' lang='lat' dir='ltr'><strong>Israel</strong></span> <span class='ocrx_word' id='word_1_19' title='bbox 1723 412 1902 453; x_wconf 83' lang='lat' dir='ltr'><strong>deflenti</strong></span> <span class='ocrx_word' id='word_1_20' title='bbox 1945 412 2031 452; x_wconf 84' lang='lat' dir='ltr'><strong>ait:</strong></span> 
     </span>
     <span class='ocr_line' id='line_1_8' title="bbox 371 479 2032 534; baseline 0 -15"><span class='ocrx_word' id='word_1_21' title='bbox 371 479 589 533; x_wconf 73' lang='lat' dir='ltr'><em>[niquitas</em></span> <span class='ocrx_word' id='word_1_22' title='bbox 609 481 759 521; x_wconf 63' lang='lat' dir='ltr'><em>dotatus</em></span> <span class='ocrx_word' id='word_1_23' title='bbox 780 482 921 522; x_wconf 74' lang='lat' dir='ltr'><em>lsrael</em></span> <span class='ocrx_word' id='word_1_24' title='bbox 943 490 982 522; x_wconf 78' lang='lat' dir='ltr'><em>ct</em></span> <span class='ocrx_word' id='word_1_25' title='bbox 1002 483 1115 522; x_wconf 83' lang='lat' dir='ltr'><em>luda</em></span> <span class='ocrx_word' id='word_1_26' title='bbox 1137 482 1325 522; x_wconf 77' lang='lat' dir='ltr'><em>invaluit</em></span> <span class='ocrx_word' id='word_1_27' title='bbox 1346 482 1486 530; x_wconf 56' lang='lat' dir='ltr'><em>nimzk,</em></span> <span class='ocrx_word' id='word_1_28' title='bbox 1508 481 1611 534; x_wconf 86' lang='lat' dir='ltr'><em>quia</em></span> <span class='ocrx_word' id='word_1_29' title='bbox 1632 481 1804 533; x_wconf 79' lang='lat' dir='ltr'><em>impleta</em></span> <span class='ocrx_word' id='word_1_30' title='bbox 1835 487 1895 520; x_wconf 77' lang='lat' dir='ltr'><em>cst</em></span> <span class='ocrx_word' id='word_1_31' title='bbox 1915 487 2032 520; x_wconf 78' lang='lat' dir='ltr'><em>terra</em></span> 
     </span>
     <span class='ocr_line' id='line_1_9' title="bbox 363 549 2032 603; baseline 0.001 -16"><span class='ocrx_word' id='word_1_32' title='bbox 363 549 531 601; x_wconf 73' lang='lat' dir='ltr'><em>papulis</em></span> <span class='ocrx_word' id='word_1_33' title='bbox 553 551 715 590; x_wconf 75' lang='lat' dir='ltr'><em>multis1</em></span> <span class='ocrx_word' id='word_1_34' title='bbox 737 558 776 590; x_wconf 79' lang='lat' dir='ltr'><em>et</em></span> <span class='ocrx_word' id='word_1_35' title='bbox 805 551 957 591; x_wconf 72' lang='lat' dir='ltr'><em>civitas</em></span> <span class='ocrx_word' id='word_1_36' title='bbox 988 551 1160 603; x_wconf 79' lang='lat' dir='ltr'><em>impleta</em></span> <span class='ocrx_word' id='word_1_37' title='bbox 1187 557 1246 590; x_wconf 76' lang='lat' dir='ltr'><em>est</em></span> <span class='ocrx_word' id='word_1_38' title='bbox 1277 550 1504 603; x_wconf 78' lang='lat' dir='ltr'><em>iniquitate</em></span> <span class='ocrx_word' id='word_1_39' title='bbox 1524 557 1563 590; x_wconf 82' lang='lat' dir='ltr'><em>ct</em></span> <span class='ocrx_word' id='word_1_40' title='bbox 1593 549 1869 589; x_wconf 79' lang='lat' dir='ltr'><em>inmunditia.</em></span> <span class='ocrx_word' id='word_1_41' title='bbox 1929 549 2032 588; x_wconf 81' lang='lat' dir='ltr'><em>Ecce</em></span> 
     </span>
     <span class='ocr_line' id='line_1_10' title="bbox 370 617 2030 672; baseline 0.001 -17"><span class='ocrx_word' id='word_1_42' title='bbox 370 631 441 669; x_wconf 70' lang='lat' dir='ltr'><em>ego</em></span> <span class='ocrx_word' id='word_1_43' title='bbox 480 632 586 658; x_wconf 75' lang='lat' dir='ltr'><em>sum.</em></span> <span class='ocrx_word' id='word_1_44' title='bbox 667 620 768 659; x_wconf 64' lang='lat' dir='ltr'><em>A&#39;Von</em></span> <span class='ocrx_word' id='word_1_45' title='bbox 800 627 947 671; x_wconf 67' lang='lat' dir='ltr'><em>parcet</em></span> <span class='ocrx_word' id='word_1_46' title='bbox 987 621 1128 660; x_wconf 81' lang='lat' dir='ltr'><em>oculus</em></span> <span class='ocrx_word' id='word_1_47' title='bbox 1170 634 1285 659; x_wconf 72' lang='lat' dir='ltr'><em>meus</em></span> <span class='ocrx_word' id='word_1_48' title='bbox 1326 634 1455 672; x_wconf 72' lang='lat' dir='ltr'><em>neque</em></span> <span class='ocrx_word' id='word_1_49' title='bbox 1496 619 1728 659; x_wconf 76' lang='lat' dir='ltr'><em>miserebor.</em></span> <span class='ocrx_word' id='word_1_50' title='bbox 1792 619 1851 658; x_wconf 84' lang='lat' dir='ltr'><em>Et</em></span> <span class='ocrx_word' id='word_1_51' title='bbox 1894 617 2030 657; x_wconf 81' lang='lat' dir='ltr'><strong>infra:</strong></span> 
     </span>
    </p>
   </div>
   <div class='ocr_carea' id='block_1_7' title="bbox 89 685 2086 751">
    <p class='ocr_par' dir='ltr' id='par_1_7' title="bbox 89 685 2086 751">
     <span class='ocr_line' id='line_1_11' title="bbox 89 685 2086 751; baseline 0 -26"><span class='ocrx_word' id='word_1_52' title='bbox 89 685 195 751; x_wconf 43' lang='lat' dir='ltr'><em>&#39;3³22&#39;ss</em></span> <span class='ocrx_word' id='word_1_53' title='bbox 225 685 276 719; x_wconf 78' lang='lat' dir='ltr'><strong>vii,</strong></span> <span class='ocrx_word' id='word_1_54' title='bbox 302 695 351 722; x_wconf 84' lang='lat'><em>23·</em></span> <span class='ocrx_word' id='word_1_55' title='bbox 375 686 587 735; x_wconf 72' lang='lat' dir='ltr'><em>Quoniam</em></span> <span class='ocrx_word' id='word_1_56' title='bbox 611 694 726 727; x_wconf 77' lang='lat' dir='ltr'><em>terra</em></span> <span class='ocrx_word' id='word_1_57' title='bbox 738 689 868 740; x_wconf 72' lang='lat' dir='ltr'><em>plena</em></span> <span class='ocrx_word' id='word_1_58' title='bbox 880 689 1053 741; x_wconf 71' lang='lat' dir='ltr'><em>papulis</em></span> <span class='ocrx_word' id='word_1_59' title='bbox 1073 696 1112 728; x_wconf 72' lang='lat' dir='ltr'><em>et</em></span> <span class='ocrx_word' id='word_1_60' title='bbox 1131 689 1284 728; x_wconf 79' lang='lat' dir='ltr'><em>civitas</em></span> <span class='ocrx_word' id='word_1_61' title='bbox 1295 689 1426 740; x_wconf 75' lang='lat' dir='ltr'><em>plena</em></span> <span class='ocrx_word' id='word_1_62' title='bbox 1447 688 1674 741; x_wconf 76' lang='lat' dir='ltr'><em>iniquitate</em></span> <span class='ocrx_word' id='word_1_63' title='bbox 1694 694 1764 735; x_wconf 85' lang='lat' dir='ltr'><em>est,</em></span> <span class='ocrx_word' id='word_1_64' title='bbox 1778 693 1819 727; x_wconf 85' lang='lat' dir='ltr'><em>et</em></span> <span class='ocrx_word' id='word_1_65' title='bbox 1837 693 2029 726; x_wconf 77' lang='lat' dir='ltr'><em>avertam</em></span> <span class='ocrx_word' id='word_1_66' title='bbox 2069 701 2086 729; x_wconf 89' lang='lat'><strong>5</strong></span> 
     </span>
    </p>
   </div>
   <div class='ocr_carea' id='block_1_8' title="bbox 88 814 157 840">
    <p class='ocr_par' dir='ltr' id='par_1_8' title="bbox 88 814 157 840">
     <span class='ocr_line' id='line_1_12' title="bbox 88 814 157 840; baseline 0 0"><span class='ocrx_word' id='word_1_67' title='bbox 88 814 113 840; x_wconf 64' lang='lat' dir='ltr'><em>li</em></span> <span class='ocrx_word' id='word_1_68' title='bbox 121 823 157 840; x_wconf 65' lang='lat' dir='ltr'><em>:a</em></span> 
     </span>
    </p>
   </div>
   <div class='ocr_carea' id='block_1_9' title="bbox 86 1510 111 1536">
    <p class='ocr_par' dir='ltr' id='par_1_9' title="bbox 86 1510 111 1536">
     <span class='ocr_line' id='line_1_13' title="bbox 86 1510 111 1536; baseline 0 0"><span class='ocrx_word' id='word_1_69' title='bbox 86 1510 111 1536; x_wconf 64' lang='grc' dir='ltr'><em>[ἰ</em></span> 
     </span>
    </p>
   </div>
   <div class='ocr_carea' id='block_1_10' title="bbox 160 814 197 842">
    <p class='ocr_par' dir='ltr' id='par_1_10' title="bbox 160 814 197 842">
     <span class='ocr_line' id='line_1_14' title="bbox 160 814 197 842; baseline 0 -16"><span class='ocrx_word' id='word_1_70' title='bbox 160 814 197 842; x_wconf 37' lang='grc' dir='ltr'><em>ἦ.</em></span> 
     </span>
    </p>
   </div>
   <div class='ocr_carea' id='block_1_11' title="bbox 129 858 170 880">
    <p class='ocr_par' dir='ltr' id='par_1_11' title="bbox 129 858 170 880">
     <span class='ocr_line' id='line_1_15' title="bbox 129 858 170 880; baseline 0.024 -1"><span class='ocrx_word' id='word_1_71' title='bbox 129 858 170 880; x_wconf 76' lang='lat'><em>10.</em></span> 
     </span>
    </p>
   </div>
   <div class='ocr_carea' id='block_1_12' title="bbox 122 1558 166 1583">
    <p class='ocr_par' dir='ltr' id='par_1_12' title="bbox 122 1558 166 1583">
     <span class='ocr_line' id='line_1_16' title="bbox 122 1558 166 1583; baseline 0 -8"><span class='ocrx_word' id='word_1_72' title='bbox 122 1558 166 1583; x_wconf 80' lang='lat'><em>24.</em></span> 
     </span>
    </p>
   </div>
   <div class='ocr_carea' id='block_1_13' title="bbox 221 814 350 845">
    <p class='ocr_par' dir='ltr' id='par_1_13' title="bbox 221 814 350 845">
     <span class='ocr_line' id='line_1_17' title="bbox 221 814 350 845; baseline 0 -4"><span class='ocrx_word' id='word_1_73' title='bbox 221 814 278 845; x_wconf 79' lang='lat' dir='ltr'><strong>xiv.</strong></span> <span class='ocrx_word' id='word_1_74' title='bbox 303 823 350 841; x_wconf 86' lang='lat'><em>12-</em></span> 
     </span>
    </p>
   </div>
   <div class='ocr_carea' id='block_1_14' title="bbox 355 755 2087 1497">
    <p class='ocr_par' dir='ltr' id='par_1_14' title="bbox 355 755 2087 1497">
     <span class='ocr_line' id='line_1_18' title="bbox 371 755 2033 810; baseline 0 -17"><span class='ocrx_word' id='word_1_75' title='bbox 371 755 572 807; x_wconf 71' lang='lat' dir='ltr'><em>impctum</em></span> <span class='ocrx_word' id='word_1_76' title='bbox 595 757 773 796; x_wconf 66' lang='lat' dir='ltr'><em>virtutis</em></span> <span class='ocrx_word' id='word_1_77' title='bbox 793 772 935 797; x_wconf 80' lang='lat' dir='ltr'><em>carum</em></span> <span class='ocrx_word' id='word_1_78' title='bbox 957 764 998 797; x_wconf 84' lang='lat' dir='ltr'><em>ct</em></span> <span class='ocrx_word' id='word_1_79' title='bbox 1007 758 1259 810; x_wconf 71' lang='lat' dir='ltr'><em>polluentur</em></span> <span class='ocrx_word' id='word_1_80' title='bbox 1276 764 1423 796; x_wconf 88' lang='lat' dir='ltr'><em>sancta</em></span> <span class='ocrx_word' id='word_1_81' title='bbox 1443 771 1596 796; x_wconf 81' lang='lat' dir='ltr'><em>corum.</em></span> <span class='ocrx_word' id='word_1_82' title='bbox 1657 756 1865 796; x_wconf 77' lang='lat' dir='ltr'><em>Exoratio</em></span> <span class='ocrx_word' id='word_1_83' title='bbox 1895 755 2033 794; x_wconf 76' lang='lat' dir='ltr'><em>veniet</em></span> 
     </span>
     <span class='ocr_line' id='line_1_19' title="bbox 369 824 2030 879; baseline 0 -16"><span class='ocrx_word' id='word_1_84' title='bbox 369 831 407 863; x_wconf 82' lang='lat' dir='ltr'><em>ct</em></span> <span class='ocrx_word' id='word_1_85' title='bbox 428 825 805 877; x_wconf 67' lang='lat' dir='ltr'><em>quacrcnt&#39;2paccm</em></span> <span class='ocrx_word' id='word_1_86' title='bbox 828 833 866 865; x_wconf 67' lang='lat' dir='ltr'><em>et</em></span> <span class='ocrx_word' id='word_1_87' title='bbox 888 841 968 865; x_wconf 76' lang='lat' dir='ltr'><em>nan</em></span> <span class='ocrx_word' id='word_1_88' title='bbox 990 826 1079 866; x_wconf 79' lang='lat' dir='ltr'><em>crit.</em></span> <span class='ocrx_word' id='word_1_89' title='bbox 1130 826 1189 865; x_wconf 84' lang='lat' dir='ltr'><em>Et</em></span> <span class='ocrx_word' id='word_1_90' title='bbox 1212 832 1312 879; x_wconf 87' lang='lat' dir='ltr'><strong>post</strong></span> <span class='ocrx_word' id='word_1_91' title='bbox 1334 825 1560 877; x_wconf 78' lang='lat' dir='ltr'><strong>aliquanta</strong></span> <span class='ocrx_word' id='word_1_92' title='bbox 1581 841 1588 865; x_wconf 90' lang='lat'>:</span> <span class='ocrx_word' id='word_1_93' title='bbox 1611 825 1769 864; x_wconf 85' lang='lat' dir='ltr'><em>Factus</em></span> <span class='ocrx_word' id='word_1_94' title='bbox 1788 831 1860 872; x_wconf 86' lang='lat' dir='ltr'><em>est,</em></span> <span class='ocrx_word' id='word_1_95' title='bbox 1877 824 1886 863; x_wconf 89' lang='lat' dir='ltr'><strong>i</strong></span> <span class='ocrx_word' id='word_1_96' title='bbox 1894 824 2030 876; x_wconf 78' lang='lat' dir='ltr'><strong>nquit.</strong></span> 
     </span>
     <span class='ocr_line' id='line_1_20' title="bbox 367 891 2034 948; baseline -0.001 -16"><span class='ocrx_word' id='word_1_97' title='bbox 367 907 502 933; x_wconf 73' lang='lat' dir='ltr'><em>sermo</em></span> <span class='ocrx_word' id='word_1_98' title='bbox 524 894 707 934; x_wconf 69' lang='lat' dir='ltr'><em>Domini</em></span> <span class='ocrx_word' id='word_1_99' title='bbox 724 895 786 933; x_wconf 85' lang='lat' dir='ltr'><em>aa&#39;</em></span> <span class='ocrx_word' id='word_1_100' title='bbox 813 909 877 934; x_wconf 80' lang='lat' dir='ltr'><em>mc</em></span> <span class='ocrx_word' id='word_1_101' title='bbox 904 895 1043 934; x_wconf 79' lang='lat' dir='ltr'><em>dicens</em></span> <span class='ocrx_word' id='word_1_102' title='bbox 1061 909 1075 934; x_wconf 92' lang='grc'><em>.·</em></span> <span class='ocrx_word' id='word_1_103' title='bbox 1094 895 1175 948; x_wconf 85' lang='lat' dir='ltr'><em>fili</em></span> <span class='ocrx_word' id='word_1_104' title='bbox 1193 894 1388 942; x_wconf 76' lang='lat' dir='ltr'><em>hmninis,</em></span> <span class='ocrx_word' id='word_1_105' title='bbox 1411 901 1527 933; x_wconf 77' lang='lat' dir='ltr'><em>terra</em></span> <span class='ocrx_word' id='word_1_106' title='bbox 1547 908 1654 946; x_wconf 70' lang='lat' dir='ltr'><em>quae</em></span> <span class='ocrx_word' id='word_1_107' title='bbox 1664 893 1901 945; x_wconf 74' lang='lat' dir='ltr'><em>peccaverit</em></span> <span class='ocrx_word' id='word_1_108' title='bbox 1923 891 2034 932; x_wconf 73' lang='lat' dir='ltr'><em>milei</em></span> 
     </span>
     <span class='ocr_line' id='line_1_21' title="bbox 368 960 2031 1015; baseline -0.001 -15"><span class='ocrx_word' id='word_1_109' title='bbox 368 968 416 1001; x_wconf 86' lang='lat' dir='ltr'><em>ut</em></span> <span class='ocrx_word' id='word_1_110' title='bbox 455 962 676 1015; x_wconf 70' lang='lat' dir='ltr'><em>delinquat</em></span> <span class='ocrx_word' id='word_1_111' title='bbox 715 963 924 1011; x_wconf 77' lang='lat' dir='ltr'><em>delictum,</em></span> <span class='ocrx_word' id='word_1_112' title='bbox 964 963 1185 1002; x_wconf 67' lang='lat' dir='ltr'><em>extendam</em></span> <span class='ocrx_word' id='word_1_113' title='bbox 1229 977 1405 1002; x_wconf 85' lang='lat' dir='ltr'><em>manum</em></span> <span class='ocrx_word' id='word_1_114' title='bbox 1443 977 1578 1002; x_wconf 81' lang='lat' dir='ltr'><em>meam</em></span> <span class='ocrx_word' id='word_1_115' title='bbox 1620 968 1659 1001; x_wconf 84' lang='lat' dir='ltr'><em>et</em></span> <span class='ocrx_word' id='word_1_116' title='bbox 1689 968 1899 1001; x_wconf 83' lang='lat' dir='ltr'><em>conteram</em></span> <span class='ocrx_word' id='word_1_117' title='bbox 1940 960 2031 1000; x_wconf 86' lang='lat' dir='ltr'><em>cius</em></span> 
     </span>
     <span class='ocr_line' id='line_1_22' title="bbox 355 1029 2087 1084; baseline -0.002 -14"><span class='ocrx_word' id='word_1_118' title='bbox 355 1031 688 1083; x_wconf 67' lang='lat' dir='ltr'><em>firmanu‘ntum</em></span> <span class='ocrx_word' id='word_1_119' title='bbox 720 1032 854 1084; x_wconf 72' lang='lat' dir='ltr'><em>panis</em></span> <span class='ocrx_word' id='word_1_120' title='bbox 893 1039 932 1072; x_wconf 78' lang='lat' dir='ltr'><em>et</em></span> <span class='ocrx_word' id='word_1_121' title='bbox 970 1032 1162 1072; x_wconf 82' lang='lat' dir='ltr'><em>emittam</em></span> <span class='ocrx_word' id='word_1_122' title='bbox 1205 1032 1249 1071; x_wconf 89' lang='lat' dir='ltr'><em>in</em></span> <span class='ocrx_word' id='word_1_123' title='bbox 1291 1046 1382 1071; x_wconf 85' lang='lat' dir='ltr'><em>cam</em></span> <span class='ocrx_word' id='word_1_124' title='bbox 1411 1033 1582 1083; x_wconf 76' lang='lat' dir='ltr'><em>samem</em></span> <span class='ocrx_word' id='word_1_125' title='bbox 1624 1038 1663 1070; x_wconf 84' lang='lat' dir='ltr'><em>et</em></span> <span class='ocrx_word' id='word_1_126' title='bbox 1702 1031 1847 1070; x_wconf 84' lang='lat' dir='ltr'><em>tollam</em></span> <span class='ocrx_word' id='word_1_127' title='bbox 1894 1029 1943 1068; x_wconf 79' lang='lat' dir='ltr'><em>de</em></span> <span class='ocrx_word' id='word_1_128' title='bbox 1982 1043 2030 1068; x_wconf 77' lang='lat' dir='ltr'><em>ea</em></span> <span class='ocrx_word' id='word_1_129' title='bbox 2050 1047 2087 1067; x_wconf 93' lang='lat'><em>10</em></span> 
     </span>
     <span class='ocr_line' id='line_1_23' title="bbox 365 1099 2031 1152; baseline 0 -14"><span class='ocrx_word' id='word_1_130' title='bbox 365 1099 584 1139; x_wconf 75' lang='lat' dir='ltr'><em>hominum</em></span> <span class='ocrx_word' id='word_1_131' title='bbox 602 1107 641 1139; x_wconf 79' lang='lat' dir='ltr'><em>ct</em></span> <span class='ocrx_word' id='word_1_132' title='bbox 652 1108 814 1152; x_wconf 66' lang='lat' dir='ltr'><em>pecora.</em></span> <span class='ocrx_word' id='word_1_133' title='bbox 856 1100 1060 1140; x_wconf 75' lang='lat' dir='ltr'><em>Etsisint</em></span> <span class='ocrx_word' id='word_1_134' title='bbox 1079 1107 1164 1140; x_wconf 74' lang='lat' dir='ltr'><em>tres</em></span> <span class='ocrx_word' id='word_1_135' title='bbox 1185 1100 1275 1139; x_wconf 76' lang='lat' dir='ltr'><em>viri</em></span> <span class='ocrx_word' id='word_1_136' title='bbox 1294 1100 1373 1140; x_wconf 87' lang='lat' dir='ltr'><em>isti</em></span> <span class='ocrx_word' id='word_1_137' title='bbox 1390 1100 1434 1139; x_wconf 88' lang='lat' dir='ltr'><em>in</em></span> <span class='ocrx_word' id='word_1_138' title='bbox 1453 1099 1586 1139; x_wconf 77' lang='lat' dir='ltr'><em>medio</em></span> <span class='ocrx_word' id='word_1_139' title='bbox 1607 1100 1697 1139; x_wconf 76' lang='lat' dir='ltr'><em>eius</em></span> <span class='ocrx_word' id='word_1_140' title='bbox 1713 1099 1806 1138; x_wconf 84' lang='lat' dir='ltr'><em>Noe</em></span> <span class='ocrx_word' id='word_1_141' title='bbox 1823 1099 1984 1138; x_wconf 74' lang='lat' dir='ltr'><em>Daniel</em></span> <span class='ocrx_word' id='word_1_142' title='bbox 1992 1106 2031 1138; x_wconf 87' lang='lat' dir='ltr'><em>et</em></span> 
     </span>
     <span class='ocr_line' id='line_1_24' title="bbox 366 1167 2033 1220; baseline -0.001 -13"><span class='ocrx_word' id='word_1_143' title='bbox 366 1167 450 1216; x_wconf 78' lang='lat' dir='ltr'><em>lob,</em></span> <span class='ocrx_word' id='word_1_144' title='bbox 485 1182 565 1207; x_wconf 75' lang='lat' dir='ltr'><em>non</em></span> <span class='ocrx_word' id='word_1_145' title='bbox 596 1168 838 1208; x_wconf 76' lang='lat' dir='ltr'><em>liberabunt</em></span> <span class='ocrx_word' id='word_1_146' title='bbox 866 1183 971 1218; x_wconf 80' lang='lat' dir='ltr'><em>eam,</em></span> <span class='ocrx_word' id='word_1_147' title='bbox 1005 1168 1084 1208; x_wconf 79' lang='lat' dir='ltr'><em>scd</em></span> <span class='ocrx_word' id='word_1_148' title='bbox 1109 1168 1194 1220; x_wconf 70' lang='lat' dir='ltr'><em>ipsi</em></span> <span class='ocrx_word' id='word_1_149' title='bbox 1222 1168 1266 1208; x_wconf 81' lang='lat' dir='ltr'><em>in</em></span> <span class='ocrx_word' id='word_1_150' title='bbox 1298 1183 1377 1208; x_wconf 88' lang='lat' dir='ltr'><em>sua</em></span> <span class='ocrx_word' id='word_1_151' title='bbox 1409 1168 1578 1207; x_wconf 84' lang='lat' dir='ltr'><em>iustitia</em></span> <span class='ocrx_word' id='word_1_152' title='bbox 1607 1168 1724 1207; x_wconf 79' lang='lat' dir='ltr'><em>salvi</em></span> <span class='ocrx_word' id='word_1_153' title='bbox 1757 1174 1892 1216; x_wconf 80' lang='lat' dir='ltr'><em>crunt,</em></span> <span class='ocrx_word' id='word_1_154' title='bbox 1929 1167 2033 1206; x_wconf 84' lang='lat' dir='ltr'><em>dicit</em></span> 
     </span>
     <span class='ocr_line' id='line_1_25' title="bbox 366 1236 2032 1288; baseline -0.001 -12"><span class='ocrx_word' id='word_1_155' title='bbox 366 1236 590 1276; x_wconf 74' lang='lat' dir='ltr'><em>Dominus.</em></span> <span class='ocrx_word' id='word_1_156' title='bbox 668 1237 796 1287; x_wconf 75' lang='lat' dir='ltr'><em>Quod</em></span> <span class='ocrx_word' id='word_1_157' title='bbox 824 1237 867 1276; x_wconf 81' lang='lat' dir='ltr'><em>si</em></span> <span class='ocrx_word' id='word_1_158' title='bbox 896 1237 1024 1276; x_wconf 76' lang='lat' dir='ltr'><em>etiam</em></span> <span class='ocrx_word' id='word_1_159' title='bbox 1059 1236 1212 1276; x_wconf 77' lang='lat' dir='ltr'><em>bestias</em></span> <span class='ocrx_word' id='word_1_160' title='bbox 1243 1237 1381 1276; x_wconf 85' lang='lat' dir='ltr'><em>malas</em></span> <span class='ocrx_word' id='word_1_161' title='bbox 1414 1236 1613 1276; x_wconf 80' lang='lat' dir='ltr'><em>inducam</em></span> <span class='ocrx_word' id='word_1_162' title='bbox 1645 1243 1772 1288; x_wconf 74' lang='lat' dir='ltr'><em>super</em></span> <span class='ocrx_word' id='word_1_163' title='bbox 1800 1243 1960 1275; x_wconf 84' lang='lat' dir='ltr'><em>terram</em></span> <span class='ocrx_word' id='word_1_164' title='bbox 1993 1242 2032 1274; x_wconf 80' lang='lat' dir='ltr'><em>et</em></span> 
     </span>
     <span class='ocr_line' id='line_1_26' title="bbox 355 1303 2032 1358; baseline -0.002 -13"><span class='ocrx_word' id='word_1_165' title='bbox 355 1306 542 1358; x_wconf 78' lang='lat' dir='ltr'><em>puniam</em></span> <span class='ocrx_word' id='word_1_166' title='bbox 566 1306 687 1345; x_wconf 89' lang='lat' dir='ltr'><em>illam</em></span> <span class='ocrx_word' id='word_1_167' title='bbox 709 1313 749 1346; x_wconf 81' lang='lat' dir='ltr'><em>et</em></span> <span class='ocrx_word' id='word_1_168' title='bbox 768 1306 850 1345; x_wconf 84' lang='lat' dir='ltr'><em>erit</em></span> <span class='ocrx_word' id='word_1_169' title='bbox 871 1305 915 1345; x_wconf 88' lang='lat' dir='ltr'><em>in</em></span> <span class='ocrx_word' id='word_1_170' title='bbox 937 1305 1238 1345; x_wconf 39' lang='lat' dir='ltr'><em>ecz‘tcrminium</em></span> <span class='ocrx_word' id='word_1_171' title='bbox 1260 1311 1300 1345; x_wconf 82' lang='lat' dir='ltr'><em>et</em></span> <span class='ocrx_word' id='word_1_172' title='bbox 1320 1319 1401 1345; x_wconf 81' lang='lat' dir='ltr'><em>non</em></span> <span class='ocrx_word' id='word_1_173' title='bbox 1423 1305 1506 1344; x_wconf 79' lang='lat' dir='ltr'><em>erit</em></span> <span class='ocrx_word' id='word_1_174' title='bbox 1526 1304 1603 1357; x_wconf 88' lang='lat' dir='ltr'><em>qui</em></span> <span class='ocrx_word' id='word_1_175' title='bbox 1622 1304 1704 1344; x_wconf 80' lang='lat' dir='ltr'><em>iter</em></span> <span class='ocrx_word' id='word_1_176' title='bbox 1709 1304 1858 1356; x_wconf 83' lang='lat' dir='ltr'><em>faciat</em></span> <span class='ocrx_word' id='word_1_177' title='bbox 1877 1318 1904 1342; x_wconf 91' lang='lat' dir='ltr'><em>a</em></span> <span class='ocrx_word' id='word_1_178' title='bbox 1911 1303 2032 1355; x_wconf 85' lang='lat' dir='ltr'><em>facie</em></span> 
     </span>
     <span class='ocr_line' id='line_1_27' title="bbox 365 1373 2085 1426; baseline -0.001 -12"><span class='ocrx_word' id='word_1_179' title='bbox 365 1374 596 1415; x_wconf 78' lang='lat' dir='ltr'><em>bestiarum</em></span> <span class='ocrx_word' id='word_1_180' title='bbox 619 1382 659 1414; x_wconf 86' lang='lat' dir='ltr'><em>et</em></span> <span class='ocrx_word' id='word_1_181' title='bbox 679 1381 764 1414; x_wconf 79' lang='lat' dir='ltr'><em>tres</em></span> <span class='ocrx_word' id='word_1_182' title='bbox 784 1374 875 1414; x_wconf 82' lang='lat' dir='ltr'><em>viri</em></span> <span class='ocrx_word' id='word_1_183' title='bbox 894 1374 971 1414; x_wconf 82' lang='lat' dir='ltr'><em>isti</em></span> <span class='ocrx_word' id='word_1_184' title='bbox 989 1374 1034 1414; x_wconf 87' lang='lat' dir='ltr'><em>in</em></span> <span class='ocrx_word' id='word_1_185' title='bbox 1061 1374 1196 1414; x_wconf 81' lang='lat' dir='ltr'><em>medio</em></span> <span class='ocrx_word' id='word_1_186' title='bbox 1227 1374 1318 1414; x_wconf 82' lang='lat' dir='ltr'><em>cius</em></span> <span class='ocrx_word' id='word_1_187' title='bbox 1337 1374 1436 1422; x_wconf 89' lang='lat' dir='ltr'><em>sint,</em></span> <span class='ocrx_word' id='word_1_188' title='bbox 1458 1373 1555 1414; x_wconf 79' lang='lat' dir='ltr'><em>vivo</em></span> <span class='ocrx_word' id='word_1_189' title='bbox 1577 1388 1659 1426; x_wconf 75' lang='lat' dir='ltr'><em>ego,</em></span> <span class='ocrx_word' id='word_1_190' title='bbox 1681 1373 1786 1413; x_wconf 81' lang='lat' dir='ltr'><em>dicit</em></span> <span class='ocrx_word' id='word_1_191' title='bbox 1804 1373 2028 1419; x_wconf 80' lang='lat' dir='ltr'><em>Dominus,</em></span> <span class='ocrx_word' id='word_1_192' title='bbox 2049 1392 2085 1421; x_wconf 82' lang='lat'><em>13</em></span> 
     </span>
     <span class='ocr_line' id='line_1_28' title="bbox 364 1442 2029 1497; baseline -0.001 -14"><span class='ocrx_word' id='word_1_193' title='bbox 364 1444 406 1483; x_wconf 86' lang='lat' dir='ltr'><em>si</em></span> <span class='ocrx_word' id='word_1_194' title='bbox 412 1444 511 1497; x_wconf 87' lang='lat' dir='ltr'><em>filii</em></span> <span class='ocrx_word' id='word_1_195' title='bbox 528 1444 703 1497; x_wconf 82' lang='lat' dir='ltr'><em>ctfiliae</em></span> <span class='ocrx_word' id='word_1_196' title='bbox 722 1443 813 1484; x_wconf 87' lang='lat' dir='ltr'><em>eius</em></span> <span class='ocrx_word' id='word_1_197' title='bbox 840 1443 1146 1492; x_wconf 81' lang='lat' dir='ltr'><em>liberabuntur,</em></span> <span class='ocrx_word' id='word_1_198' title='bbox 1167 1442 1245 1482; x_wconf 79' lang='lat' dir='ltr'><em>sed</em></span> <span class='ocrx_word' id='word_1_199' title='bbox 1261 1443 1346 1495; x_wconf 71' lang='lat' dir='ltr'><em>ipsi</em></span> <span class='ocrx_word' id='word_1_200' title='bbox 1362 1443 1444 1482; x_wconf 82' lang='lat' dir='ltr'><em>soli</em></span> <span class='ocrx_word' id='word_1_201' title='bbox 1461 1442 1578 1482; x_wconf 83' lang='lat' dir='ltr'><em>salvi</em></span> <span class='ocrx_word' id='word_1_202' title='bbox 1595 1448 1730 1491; x_wconf 79' lang='lat' dir='ltr'><em>erunt,</em></span> <span class='ocrx_word' id='word_1_203' title='bbox 1753 1448 1868 1482; x_wconf 85' lang='lat' dir='ltr'><em>terra</em></span> <span class='ocrx_word' id='word_1_204' title='bbox 1888 1449 2029 1482; x_wconf 80' lang='lat' dir='ltr'><em>autem</em></span> 
     </span>
    </p>
   </div>
   <div class='ocr_carea' id='block_1_15' title="bbox 116 1509 2046 1565">
    <p class='ocr_par' dir='ltr' id='par_1_15' title="bbox 116 1509 2046 1565">
     <span class='ocr_line' id='line_1_29' title="bbox 116 1509 2046 1565; baseline -0.001 -13"><span class='ocrx_word' id='word_1_205' title='bbox 116 1509 180 1536; x_wconf 63' lang='lat' dir='ltr'><em>³¹&#39;s‘&#39;</em></span> <span class='ocrx_word' id='word_1_206' title='bbox 185 1532 189 1536; x_wconf 93' lang='lat'>·</span> <span class='ocrx_word' id='word_1_207' title='bbox 202 1509 282 1542; x_wconf 76' lang='lat' dir='ltr'><strong>xviii,</strong></span> <span class='ocrx_word' id='word_1_208' title='bbox 297 1519 345 1538; x_wconf 81' lang='lat'><em>20·</em></span> <span class='ocrx_word' id='word_1_209' title='bbox 364 1513 448 1552; x_wconf 76' lang='lat' dir='ltr'><em>crit</em></span> <span class='ocrx_word' id='word_1_210' title='bbox 477 1513 521 1552; x_wconf 89' lang='lat' dir='ltr'><em>in</em></span> <span class='ocrx_word' id='word_1_211' title='bbox 554 1513 788 1553; x_wconf 70' lang='lat' dir='ltr'><em>interitum.</em></span> <span class='ocrx_word' id='word_1_212' title='bbox 852 1513 910 1553; x_wconf 85' lang='lat' dir='ltr'><em>Et</em></span> <span class='ocrx_word' id='word_1_213' title='bbox 940 1513 1124 1552; x_wconf 83' lang='lat' dir='ltr'><strong>iterum:</strong></span> <span class='ocrx_word' id='word_1_214' title='bbox 1145 1512 1275 1565; x_wconf 85' lang='lat' dir='ltr'><em>filius</em></span> <span class='ocrx_word' id='word_1_215' title='bbox 1296 1527 1376 1551; x_wconf 81' lang='lat' dir='ltr'><em>non</em></span> <span class='ocrx_word' id='word_1_216' title='bbox 1399 1512 1569 1564; x_wconf 73' lang='lat' dir='ltr'><em>accipiet</em></span> <span class='ocrx_word' id='word_1_217' title='bbox 1599 1511 1860 1551; x_wconf 79' lang='lat' dir='ltr'><em>iniustitiam</em></span> <span class='ocrx_word' id='word_1_218' title='bbox 1884 1511 2046 1563; x_wconf 67' lang='lat' dir='ltr'><em>patris</em></span> 
     </span>
    </p>
   </div>
   <div class='ocr_carea' id='block_1_16' title="bbox 358 1580 2083 2119">
    <p class='ocr_par' dir='ltr' id='par_1_16' title="bbox 358 1580 2083 2119">
     <span class='ocr_line' id='line_1_30' title="bbox 364 1580 2027 1634; baseline 0 -14"><span class='ocrx_word' id='word_1_219' title='bbox 364 1595 494 1634; x_wconf 78' lang='lat' dir='ltr'><em>neque</em></span> <span class='ocrx_word' id='word_1_220' title='bbox 503 1589 635 1634; x_wconf 72' lang='lat' dir='ltr'><em>pater</em></span> <span class='ocrx_word' id='word_1_221' title='bbox 651 1582 823 1634; x_wconf 59' lang='lat' dir='ltr'><em>accipiet</em></span> <span class='ocrx_word' id='word_1_222' title='bbox 842 1581 1103 1621; x_wconf 83' lang='lat' dir='ltr'><em>iniustitiam</em></span> <span class='ocrx_word' id='word_1_223' title='bbox 1113 1581 1219 1634; x_wconf 85' lang='lat' dir='ltr'><em>filii.</em></span> <span class='ocrx_word' id='word_1_224' title='bbox 1298 1581 1328 1620; x_wconf 87' lang='lat' dir='ltr'><em>J</em></span> <span class='ocrx_word' id='word_1_225' title='bbox 1326 1581 1477 1620; x_wconf 85' lang='lat' dir='ltr'><em>ustitia</em></span> <span class='ocrx_word' id='word_1_226' title='bbox 1499 1580 1606 1620; x_wconf 83' lang='lat' dir='ltr'><em>iusti</em></span> <span class='ocrx_word' id='word_1_227' title='bbox 1629 1588 1756 1633; x_wconf 63' lang='lat' dir='ltr'><em>sujmr</em></span> <span class='ocrx_word' id='word_1_228' title='bbox 1775 1580 1913 1633; x_wconf 65' lang='lat' dir='ltr'><em>ipsum</em></span> <span class='ocrx_word' id='word_1_229' title='bbox 1936 1580 2027 1620; x_wconf 83' lang='lat' dir='ltr'><em>erit.</em></span> 
     </span>
     <span class='ocr_line' id='line_1_31' title="bbox 363 1649 2030 1703; baseline -0.001 -13"><span class='ocrx_word' id='word_1_230' title='bbox 363 1650 425 1690; x_wconf 88' lang='lat' dir='ltr'><em>Et</em></span> <span class='ocrx_word' id='word_1_231' title='bbox 465 1650 640 1703; x_wconf 85' lang='lat' dir='ltr'><em>iniquus</em></span> <span class='ocrx_word' id='word_1_232' title='bbox 679 1651 721 1690; x_wconf 85' lang='lat' dir='ltr'><em>si</em></span> <span class='ocrx_word' id='word_1_233' title='bbox 757 1657 927 1690; x_wconf 79' lang='lat' dir='ltr'><em>avertat</em></span> <span class='ocrx_word' id='word_1_234' title='bbox 965 1664 1007 1690; x_wconf 77' lang='lat' dir='ltr'><em>se</em></span> <span class='ocrx_word' id='word_1_235' title='bbox 1046 1649 1098 1689; x_wconf 83' lang='lat' dir='ltr'><em>ab</em></span> <span class='ocrx_word' id='word_1_236' title='bbox 1139 1649 1334 1690; x_wconf 81' lang='lat' dir='ltr'><em>omnibus</em></span> <span class='ocrx_word' id='word_1_237' title='bbox 1374 1649 1677 1702; x_wconf 84' lang='lat' dir='ltr'><em>iniquitatibus</em></span> <span class='ocrx_word' id='word_1_238' title='bbox 1712 1663 1819 1702; x_wconf 87' lang='lat' dir='ltr'><em>quas</em></span> <span class='ocrx_word' id='word_1_239' title='bbox 1845 1649 1956 1701; x_wconf 81' lang='lat' dir='ltr'><em>fecit</em></span> <span class='ocrx_word' id='word_1_240' title='bbox 1991 1656 2030 1688; x_wconf 83' lang='lat' dir='ltr'><em>et</em></span> 
     </span>
     <span class='ocr_line' id='line_1_32' title="bbox 361 1718 2083 1770; baseline 0 -12"><span class='ocrx_word' id='word_1_241' title='bbox 361 1719 571 1759; x_wconf 79' lang='lat' dir='ltr'><em>custodiat</em></span> <span class='ocrx_word' id='word_1_242' title='bbox 605 1719 749 1759; x_wconf 83' lang='lat' dir='ltr'><em>onmia</em></span> <span class='ocrx_word' id='word_1_243' title='bbox 782 1719 990 1759; x_wconf 81' lang='lat' dir='ltr'><em>mandata</em></span> <span class='ocrx_word' id='word_1_244' title='bbox 1022 1733 1114 1758; x_wconf 77' lang='lat' dir='ltr'><em>mea</em></span> <span class='ocrx_word' id='word_1_245' title='bbox 1144 1726 1185 1758; x_wconf 79' lang='lat' dir='ltr'><em>et</em></span> <span class='ocrx_word' id='word_1_246' title='bbox 1199 1719 1348 1770; x_wconf 87' lang='lat' dir='ltr'><em>faciat</em></span> <span class='ocrx_word' id='word_1_247' title='bbox 1378 1719 1591 1759; x_wconf 82' lang='lat' dir='ltr'><em>iustitiam</em></span> <span class='ocrx_word' id='word_1_248' title='bbox 1625 1725 1665 1758; x_wconf 86' lang='lat' dir='ltr'><em>et</em></span> <span class='ocrx_word' id='word_1_249' title='bbox 1692 1718 2025 1758; x_wconf 65' lang='lat' dir='ltr'><em>mirericordiam</em></span> <span class='ocrx_word' id='word_1_250' title='bbox 2045 1732 2083 1751; x_wconf 88' lang='lat'><em>20</em></span> 
     </span>
     <span class='ocr_line' id='line_1_33' title="bbox 364 1787 2029 1840; baseline 0 -13"><span class='ocrx_word' id='word_1_251' title='bbox 364 1789 558 1838; x_wconf 85' lang='lat' dir='ltr'><em>multam,</em></span> <span class='ocrx_word' id='word_1_252' title='bbox 580 1788 672 1828; x_wconf 84' lang='lat' dir='ltr'><em>vita</em></span> <span class='ocrx_word' id='word_1_253' title='bbox 703 1789 818 1828; x_wconf 80' lang='lat' dir='ltr'><em>vivet</em></span> <span class='ocrx_word' id='word_1_254' title='bbox 847 1795 887 1828; x_wconf 81' lang='lat' dir='ltr'><em>et</em></span> <span class='ocrx_word' id='word_1_255' title='bbox 917 1803 998 1828; x_wconf 84' lang='lat' dir='ltr'><em>non</em></span> <span class='ocrx_word' id='word_1_256' title='bbox 1021 1787 1255 1829; x_wconf 82' lang='lat' dir='ltr'><em>morietur:</em></span> <span class='ocrx_word' id='word_1_257' title='bbox 1286 1788 1432 1828; x_wconf 79' lang='lat' dir='ltr'><em>omnia</em></span> <span class='ocrx_word' id='word_1_258' title='bbox 1452 1788 1603 1828; x_wconf 79' lang='lat' dir='ltr'><em>delicta</em></span> <span class='ocrx_word' id='word_1_259' title='bbox 1623 1788 1723 1837; x_wconf 85' lang='lat' dir='ltr'><em>eius,</em></span> <span class='ocrx_word' id='word_1_260' title='bbox 1745 1802 2029 1840; x_wconf 79' lang='lat' dir='ltr'><em>quaecumque</em></span> 
     </span>
     <span class='ocr_line' id='line_1_34' title="bbox 358 1859 2033 1912; baseline -0.001 -13"><span class='ocrx_word' id='word_1_261' title='bbox 358 1859 470 1907; x_wconf 80' lang='lat' dir='ltr'><em>fecit,</em></span> <span class='ocrx_word' id='word_1_262' title='bbox 493 1874 573 1899; x_wconf 79' lang='lat' dir='ltr'><em>non</em></span> <span class='ocrx_word' id='word_1_263' title='bbox 605 1867 731 1899; x_wconf 83' lang='lat' dir='ltr'><em>erunt</em></span> <span class='ocrx_word' id='word_1_264' title='bbox 747 1875 761 1900; x_wconf 91' lang='lat'><em>.·</em></span> <span class='ocrx_word' id='word_1_265' title='bbox 794 1859 838 1899; x_wconf 89' lang='lat' dir='ltr'><em>in</em></span> <span class='ocrx_word' id='word_1_266' title='bbox 866 1874 946 1899; x_wconf 75' lang='lat' dir='ltr'><em>sua</em></span> <span class='ocrx_word' id='word_1_267' title='bbox 968 1859 1148 1908; x_wconf 86' lang='lat' dir='ltr'><em>iustitia,</em></span> <span class='ocrx_word' id='word_1_268' title='bbox 1170 1874 1298 1912; x_wconf 88' lang='lat' dir='ltr'><em>qnam</em></span> <span class='ocrx_word' id='word_1_269' title='bbox 1308 1859 1429 1911; x_wconf 75' lang='lat' dir='ltr'><em>fecit,</em></span> <span class='ocrx_word' id='word_1_270' title='bbox 1451 1859 1543 1898; x_wconf 84' lang='lat' dir='ltr'><em>vita</em></span> <span class='ocrx_word' id='word_1_271' title='bbox 1569 1859 1695 1899; x_wconf 68' lang='lat' dir='ltr'><em>vivet.</em></span> <span class='ocrx_word' id='word_1_272' title='bbox 1776 1859 1898 1898; x_wconf 92' lang='lat' dir='ltr'><em>Num</em></span> <span class='ocrx_word' id='word_1_273' title='bbox 1922 1859 2033 1911; x_wconf 83' lang='lat' dir='ltr'><em>quid</em></span> 
     </span>
     <span class='ocr_line' id='line_1_35' title="bbox 363 1928 2026 1980; baseline -0.001 -12"><span class='ocrx_word' id='word_1_274' title='bbox 363 1929 578 1968; x_wconf 74' lang='lat' dir='ltr'><em>voluntate</em></span> <span class='ocrx_word' id='word_1_275' title='bbox 608 1929 698 1968; x_wconf 78' lang='lat' dir='ltr'><em>volo</em></span> <span class='ocrx_word' id='word_1_276' title='bbox 729 1936 904 1968; x_wconf 75' lang='lat' dir='ltr'><em>mortem</em></span> <span class='ocrx_word' id='word_1_277' title='bbox 937 1929 1100 1978; x_wconf 84' lang='lat' dir='ltr'><em>iniusti,</em></span> <span class='ocrx_word' id='word_1_278' title='bbox 1123 1929 1226 1968; x_wconf 82' lang='lat' dir='ltr'><em>dicit</em></span> <span class='ocrx_word' id='word_1_279' title='bbox 1256 1928 1482 1977; x_wconf 83' lang='lat' dir='ltr'><em>Dominus,</em></span> <span class='ocrx_word' id='word_1_280' title='bbox 1503 1942 1632 1980; x_wconf 82' lang='lat' dir='ltr'><em>quam</em></span> <span class='ocrx_word' id='word_1_281' title='bbox 1665 1935 1713 1968; x_wconf 86' lang='lat' dir='ltr'><em>ut</em></span> <span class='ocrx_word' id='word_1_282' title='bbox 1740 1935 1909 1968; x_wconf 79' lang='lat' dir='ltr'><em>avertat</em></span> <span class='ocrx_word' id='word_1_283' title='bbox 1927 1943 1969 1968; x_wconf 78' lang='lat' dir='ltr'><em>se</em></span> <span class='ocrx_word' id='word_1_284' title='bbox 1999 1943 2026 1967; x_wconf 90' lang='lat' dir='ltr'><em>a</em></span> 
     </span>
     <span class='ocr_line' id='line_1_36' title="bbox 363 1997 2026 2038; baseline 0.001 -2"><span class='ocrx_word' id='word_1_285' title='bbox 363 1998 436 2037; x_wconf 81' lang='lat' dir='ltr'><em>via</em></span> <span class='ocrx_word' id='word_1_286' title='bbox 455 2012 536 2037; x_wconf 81' lang='lat' dir='ltr'><em>sna</em></span> <span class='ocrx_word' id='word_1_287' title='bbox 558 1999 674 2038; x_wconf 88' lang='lat' dir='ltr'><em>mala</em></span> <span class='ocrx_word' id='word_1_288' title='bbox 694 2005 733 2038; x_wconf 81' lang='lat' dir='ltr'><em>et</em></span> <span class='ocrx_word' id='word_1_289' title='bbox 753 1998 876 2037; x_wconf 74' lang='lat' dir='ltr'><em>vivat</em></span> <span class='ocrx_word' id='word_1_290' title='bbox 892 1998 913 2038; x_wconf 71' lang='lat'><em>,9</em></span> <span class='ocrx_word' id='word_1_291' title='bbox 943 2012 1036 2037; x_wconf 89' lang='lat' dir='ltr'><em>cum</em></span> <span class='ocrx_word' id='word_1_292' title='bbox 1058 2012 1100 2037; x_wconf 80' lang='lat' dir='ltr'><em>se</em></span> <span class='ocrx_word' id='word_1_293' title='bbox 1120 2004 1261 2037; x_wconf 78' lang='lat' dir='ltr'><em>autem</em></span> <span class='ocrx_word' id='word_1_294' title='bbox 1279 1998 1529 2037; x_wconf 78' lang='lat' dir='ltr'><em>converterit</em></span> <span class='ocrx_word' id='word_1_295' title='bbox 1550 1997 1689 2037; x_wconf 76' lang='lat' dir='ltr'><em>iustus</em></span> <span class='ocrx_word' id='word_1_296' title='bbox 1709 2012 1736 2036; x_wconf 90' lang='lat' dir='ltr'><em>a</em></span> <span class='ocrx_word' id='word_1_297' title='bbox 1758 1997 1926 2037; x_wconf 82' lang='lat' dir='ltr'><em>iustitia</em></span> <span class='ocrx_word' id='word_1_298' title='bbox 1946 2012 2026 2037; x_wconf 86' lang='lat' dir='ltr'><em>sua</em></span> 
     </span>
     <span class='ocr_line' id='line_1_37' title="bbox 362 2066 2080 2119; baseline 0 -13"><span class='ocrx_word' id='word_1_299' title='bbox 362 2067 565 2118; x_wconf 77' lang='lat' dir='ltr'><em>etfecerit</em></span> <span class='ocrx_word' id='word_1_300' title='bbox 585 2067 855 2119; x_wconf 78' lang='lat' dir='ltr'><em>iniquitatem</em></span> <span class='ocrx_word' id='word_1_301' title='bbox 884 2066 1111 2106; x_wconf 79' lang='lat' dir='ltr'><em>sccundu7n</em></span> <span class='ocrx_word' id='word_1_302' title='bbox 1138 2081 1278 2106; x_wconf 77' lang='lat' dir='ltr'><em>omnes</em></span> <span class='ocrx_word' id='word_1_303' title='bbox 1303 2066 1563 2119; x_wconf 79' lang='lat' dir='ltr'><em>iniquitates,</em></span> <span class='ocrx_word' id='word_1_304' title='bbox 1584 2080 1691 2118; x_wconf 75' lang='lat' dir='ltr'><em>quas</em></span> <span class='ocrx_word' id='word_1_305' title='bbox 1698 2066 1809 2117; x_wconf 76' lang='lat' dir='ltr'><em>fecit</em></span> <span class='ocrx_word' id='word_1_306' title='bbox 1839 2066 2024 2118; x_wconf 84' lang='lat' dir='ltr'><em>iniquus,</em></span> <span class='ocrx_word' id='word_1_307' title='bbox 2044 2083 2080 2111; x_wconf 79' lang='lat'><em>25</em></span> 
     </span>
    </p>
   </div>
   <div class='ocr_carea' id='block_1_17' title="bbox 1275 2165 1413 2168">
    <p class='ocr_par' dir='ltr' id='par_1_17' title="bbox 1275 2165 1413 2168">
     <span class='ocr_line' id='line_1_38' title="bbox 1275 2165 1413 2168; baseline 0 0"><span class='ocrx_word' id='word_1_308' title='bbox 1275 2165 1413 2168; x_wconf 95' lang='lat' dir='ltr'><em> </em></span> 
     </span>
    </p>
   </div>
   <div class='ocr_carea' id='block_1_18' title="bbox 359 2218 2023 2672">
    <p class='ocr_par' dir='ltr' id='par_1_18' title="bbox 359 2218 2023 2672">
     <span class='ocr_line' id='line_1_39' title="bbox 367 2218 2023 2263; baseline -0.001 -9"><span class='ocrx_word' id='word_1_309' title='bbox 367 2221 408 2254; x_wconf 86' lang='lat' dir='ltr'><em>of</em></span> <span class='ocrx_word' id='word_1_310' title='bbox 423 2221 457 2254; x_wconf 84' lang='lat' dir='ltr'><em>S.</em></span> <span class='ocrx_word' id='word_1_311' title='bbox 481 2220 727 2262; x_wconf 73' lang='lat' dir='ltr'><strong>Pudenziana,</strong></span> <span class='ocrx_word' id='word_1_312' title='bbox 747 2220 877 2263; x_wconf 76' lang='lat' dir='ltr'><strong>(lating</strong></span> <span class='ocrx_word' id='word_1_313' title='bbox 903 2220 995 2253; x_wconf 85' lang='lat' dir='ltr'><strong>from</strong></span> <span class='ocrx_word' id='word_1_314' title='bbox 1024 2220 1085 2253; x_wconf 86' lang='lat' dir='ltr'><strong>the</strong></span> <span class='ocrx_word' id='word_1_315' title='bbox 1113 2219 1201 2253; x_wconf 85' lang='lat' dir='ltr'><strong>time</strong></span> <span class='ocrx_word' id='word_1_316' title='bbox 1227 2220 1270 2253; x_wconf 87' lang='lat' dir='ltr'><em>of</em></span> <span class='ocrx_word' id='word_1_317' title='bbox 1291 2219 1432 2263; x_wconf 88' lang='lat' dir='ltr'><strong>Bishop</strong></span> <span class='ocrx_word' id='word_1_318' title='bbox 1461 2218 1613 2252; x_wconf 86' lang='lat' dir='ltr'><strong>Siricius</strong></span> <span class='ocrx_word' id='word_1_319' title='bbox 1641 2218 1837 2261; x_wconf 81' lang='lat'>(384-398&gt;‚</span> <span class='ocrx_word' id='word_1_320' title='bbox 1857 2218 1929 2252; x_wconf 88' lang='lat' dir='ltr'><strong>still</strong></span> <span class='ocrx_word' id='word_1_321' title='bbox 1948 2231 2023 2253; x_wconf 87' lang='lat' dir='ltr'><strong>sur-</strong></span> 
     </span>
     <span class='ocr_line' id='line_1_40' title="bbox 366 2275 2023 2323; baseline -0.002 -10"><span class='ocrx_word' id='word_1_322' title='bbox 366 2279 467 2313; x_wconf 74' lang='lat' dir='ltr'><strong>vives</strong></span> <span class='ocrx_word' id='word_1_323' title='bbox 495 2286 531 2313; x_wconf 88' lang='lat' dir='ltr'><em>to</em></span> <span class='ocrx_word' id='word_1_324' title='bbox 558 2286 748 2323; x_wconf 78' lang='lat' dir='ltr'><strong>represent</strong></span> <span class='ocrx_word' id='word_1_325' title='bbox 775 2278 811 2312; x_wconf 91' lang='lat' dir='ltr'><strong>it.</strong></span> <span class='ocrx_word' id='word_1_326' title='bbox 864 2279 1034 2312; x_wconf 76' lang='lat' dir='ltr'><strong>Schultze</strong></span> <span class='ocrx_word' id='word_1_327' title='bbox 1053 2277 1157 2321; x_wconf 73' lang='lat' dir='ltr'><strong>gives</strong></span> <span class='ocrx_word' id='word_1_328' title='bbox 1176 2289 1223 2311; x_wconf 85' lang='lat' dir='ltr'><em>an</em></span> <span class='ocrx_word' id='word_1_329' title='bbox 1243 2277 1450 2321; x_wconf 79' lang='lat' dir='ltr'><strong>engraving</strong></span> <span class='ocrx_word' id='word_1_330' title='bbox 1467 2277 1508 2310; x_wconf 81' lang='lat' dir='ltr'><em>os</em></span> <span class='ocrx_word' id='word_1_331' title='bbox 1521 2276 1594 2311; x_wconf 85' lang='lat' dir='ltr'><strong>this</strong></span> <span class='ocrx_word' id='word_1_332' title='bbox 1613 2276 1793 2321; x_wconf 78' lang='lat' dir='ltr'><strong>symbolic</strong></span> <span class='ocrx_word' id='word_1_333' title='bbox 1820 2275 1961 2321; x_wconf 88' lang='lat' dir='ltr'><strong>picture</strong></span> <span class='ocrx_word' id='word_1_334' title='bbox 1988 2276 2023 2310; x_wconf 91' lang='lat' dir='ltr'><strong>in</strong></span> 
     </span>
     <span class='ocr_line' id='line_1_41' title="bbox 364 2334 2023 2381; baseline -0.001 -11"><span class='ocrx_word' id='word_1_335' title='bbox 364 2337 614 2381; x_wconf 61' lang='lat' dir='ltr'><em>Archa&#39;alagric</em></span> <span class='ocrx_word' id='word_1_336' title='bbox 645 2337 710 2370; x_wconf 81' lang='lat' dir='ltr'><em>der</em></span> <span class='ocrx_word' id='word_1_337' title='bbox 733 2337 880 2370; x_wconf 74' lang='lat' dir='ltr'><em>Alschr.</em></span> <span class='ocrx_word' id='word_1_338' title='bbox 901 2337 1041 2377; x_wconf 81' lang='lat' dir='ltr'><em>Kunst,</em></span> <span class='ocrx_word' id='word_1_339' title='bbox 1072 2348 1098 2370; x_wconf 91' lang='lat' dir='ltr'><em>s.</em></span> <span class='ocrx_word' id='word_1_340' title='bbox 1131 2346 1207 2379; x_wconf 76' lang='lat'>230.</span> <span class='ocrx_word' id='word_1_341' title='bbox 1260 2335 1401 2369; x_wconf 81' lang='lat' dir='ltr'><strong>Gildas&#39;</strong></span> <span class='ocrx_word' id='word_1_342' title='bbox 1432 2337 1620 2370; x_wconf 73' lang='lat' dir='ltr'><strong>reference</strong></span> <span class='ocrx_word' id='word_1_343' title='bbox 1647 2342 1685 2369; x_wconf 86' lang='lat' dir='ltr'><em>to</em></span> <span class='ocrx_word' id='word_1_344' title='bbox 1714 2335 1777 2369; x_wconf 88' lang='lat' dir='ltr'><strong>the</strong></span> <span class='ocrx_word' id='word_1_345' title='bbox 1805 2334 2023 2379; x_wconf 83' lang='lat' dir='ltr'><strong>symbolical</strong></span> 
     </span>
     <span class='ocr_line' id='line_1_42' title="bbox 363 2392 2022 2438; baseline -0.002 -10"><span class='ocrx_word' id='word_1_346' title='bbox 363 2394 520 2428; x_wconf 71' lang='lat' dir='ltr'><strong>animals</strong></span> <span class='ocrx_word' id='word_1_347' title='bbox 548 2394 583 2428; x_wconf 86' lang='lat' dir='ltr'><strong>in</strong></span> <span class='ocrx_word' id='word_1_348' title='bbox 612 2394 683 2428; x_wconf 86' lang='lat' dir='ltr'><strong>this</strong></span> <span class='ocrx_word' id='word_1_349' title='bbox 711 2406 871 2438; x_wconf 74' lang='lat' dir='ltr'><strong>passage</strong></span> <span class='ocrx_word' id='word_1_350' title='bbox 897 2393 925 2427; x_wconf 89' lang='lat' dir='ltr'><strong>is</strong></span> <span class='ocrx_word' id='word_1_351' title='bbox 954 2394 1062 2427; x_wconf 82' lang='lat' dir='ltr'><strong>made</strong></span> <span class='ocrx_word' id='word_1_352' title='bbox 1090 2393 1125 2427; x_wconf 89' lang='lat' dir='ltr'><strong>in</strong></span> <span class='ocrx_word' id='word_1_353' title='bbox 1153 2394 1243 2427; x_wconf 86' lang='lat' dir='ltr'><strong>such</strong></span> <span class='ocrx_word' id='word_1_354' title='bbox 1269 2405 1291 2427; x_wconf 85' lang='lat' dir='ltr'>a</span> <span class='ocrx_word' id='word_1_355' title='bbox 1317 2404 1397 2437; x_wconf 81' lang='lat' dir='ltr'><em>way</em></span> <span class='ocrx_word' id='word_1_356' title='bbox 1426 2404 1466 2426; x_wconf 82' lang='lat' dir='ltr'><em>as</em></span> <span class='ocrx_word' id='word_1_357' title='bbox 1492 2399 1530 2427; x_wconf 92' lang='lat' dir='ltr'><em>to</em></span> <span class='ocrx_word' id='word_1_358' title='bbox 1554 2392 1668 2437; x_wconf 87' lang='lat' dir='ltr'><strong>imply</strong></span> <span class='ocrx_word' id='word_1_359' title='bbox 1687 2393 1765 2426; x_wconf 80' lang='lat' dir='ltr'><strong>that</strong></span> <span class='ocrx_word' id='word_1_360' title='bbox 1791 2393 1838 2426; x_wconf 93' lang='lat' dir='ltr'><strong>he</strong></span> <span class='ocrx_word' id='word_1_361' title='bbox 1864 2392 1939 2426; x_wconf 84' lang='lat' dir='ltr'><em>and</em></span> <span class='ocrx_word' id='word_1_362' title='bbox 1964 2392 2022 2426; x_wconf 90' lang='lat' dir='ltr'><strong>his</strong></span> 
     </span>
     <span class='ocr_line' id='line_1_43' title="bbox 362 2450 2020 2497; baseline -0.001 -11"><span class='ocrx_word' id='word_1_363' title='bbox 362 2453 511 2486; x_wconf 76' lang='lat' dir='ltr'><strong>readers</strong></span> <span class='ocrx_word' id='word_1_364' title='bbox 538 2464 632 2486; x_wconf 83' lang='lat' dir='ltr'><strong>were</strong></span> <span class='ocrx_word' id='word_1_365' title='bbox 659 2453 837 2497; x_wconf 78' lang='lat' dir='ltr'><strong>perfectly</strong></span> <span class='ocrx_word' id='word_1_366' title='bbox 863 2451 1022 2486; x_wconf 77' lang='lat' dir='ltr'><strong>familiar</strong></span> <span class='ocrx_word' id='word_1_367' title='bbox 1048 2451 1133 2485; x_wconf 87' lang='lat' dir='ltr'><strong>with</strong></span> <span class='ocrx_word' id='word_1_368' title='bbox 1159 2452 1220 2485; x_wconf 86' lang='lat' dir='ltr'><strong>the</strong></span> <span class='ocrx_word' id='word_1_369' title='bbox 1249 2452 1425 2496; x_wconf 85' lang='lat' dir='ltr'><strong>symbols,</strong></span> <span class='ocrx_word' id='word_1_370' title='bbox 1452 2451 1527 2486; x_wconf 80' lang='lat' dir='ltr'><em>and</em></span> <span class='ocrx_word' id='word_1_371' title='bbox 1553 2452 1713 2496; x_wconf 83' lang='lat' dir='ltr'><strong>perhaps</strong></span> <span class='ocrx_word' id='word_1_372' title='bbox 1739 2451 1825 2485; x_wconf 83' lang='lat' dir='ltr'><strong>with</strong></span> <span class='ocrx_word' id='word_1_373' title='bbox 1852 2450 2020 2495; x_wconf 87' lang='lat' dir='ltr'><strong>pictorial</strong></span> 
     </span>
     <span class='ocr_line' id='line_1_44' title="bbox 360 2509 2018 2554; baseline -0.001 -10"><span class='ocrx_word' id='word_1_374' title='bbox 360 2510 674 2554; x_wconf 78' lang='lat' dir='ltr'><strong>representations</strong></span> <span class='ocrx_word' id='word_1_375' title='bbox 700 2511 742 2544; x_wconf 92' lang='lat' dir='ltr'><em>of</em></span> <span class='ocrx_word' id='word_1_376' title='bbox 762 2511 873 2544; x_wconf 87' lang='lat' dir='ltr'><strong>thern.</strong></span> <span class='ocrx_word' id='word_1_377' title='bbox 925 2511 1039 2553; x_wconf 81' lang='lat' dir='ltr'><strong>Zalm,</strong></span> <span class='ocrx_word' id='word_1_378' title='bbox 1060 2509 1095 2543; x_wconf 90' lang='lat' dir='ltr'><strong>in</strong></span> <span class='ocrx_word' id='word_1_379' title='bbox 1121 2509 1179 2543; x_wconf 87' lang='lat' dir='ltr'><strong>his</strong></span> <span class='ocrx_word' id='word_1_380' title='bbox 1196 2510 1461 2554; x_wconf 78' lang='lat' dir='ltr'><em>Forsclzungen</em></span> <span class='ocrx_word' id='word_1_381' title='bbox 1486 2521 1560 2543; x_wconf 71' lang='lat' dir='ltr'><em>zur</em></span> <span class='ocrx_word' id='word_1_382' title='bbox 1576 2509 1698 2543; x_wconf 69' lang='lat' dir='ltr'><em>Gescle.</em></span> <span class='ocrx_word' id='word_1_383' title='bbox 1725 2509 1792 2543; x_wconf 78' lang='lat' dir='ltr'><em>der</em></span> <span class='ocrx_word' id='word_1_384' title='bbox 1807 2513 2018 2543; x_wconf 75' lang='lat' dir='ltr'><em>ncutestam.</em></span> 
     </span>
     <span class='ocr_line' id='line_1_45' title="bbox 362 2567 2021 2612; baseline -0.001 -10"><span class='ocrx_word' id='word_1_385' title='bbox 362 2569 531 2612; x_wconf 80' lang='lat' dir='ltr'><em>Kanons,</em></span> <span class='ocrx_word' id='word_1_386' title='bbox 551 2569 634 2603; x_wconf 82' lang='lat' dir='ltr'><em>und</em></span> <span class='ocrx_word' id='word_1_387' title='bbox 643 2569 711 2603; x_wconf 81' lang='lat' dir='ltr'><em>der</em></span> <span class='ocrx_word' id='word_1_388' title='bbox 733 2569 919 2603; x_wconf 73' lang='lat' dir='ltr'><em>altkircltl.</em></span> <span class='ocrx_word' id='word_1_389' title='bbox 942 2569 1185 2611; x_wconf 82' lang='lat' dir='ltr'><em>Litterature‚</em></span> <span class='ocrx_word' id='word_1_390' title='bbox 1204 2569 1273 2602; x_wconf 72' lang='lat' dir='ltr'><strong>vol.</strong></span> <span class='ocrx_word' id='word_1_391' title='bbox 1295 2568 1343 2611; x_wconf 88' lang='lat' dir='ltr'><strong>iii,</strong></span> <span class='ocrx_word' id='word_1_392' title='bbox 1358 2578 1375 2602; x_wconf 86' lang='lat'>2</span> <span class='ocrx_word' id='word_1_393' title='bbox 1383 2576 1436 2612; x_wconf 80' lang='lat'><em>57,</em></span> <span class='ocrx_word' id='word_1_394' title='bbox 1454 2575 1575 2602; x_wconf 85' lang='lat' dir='ltr'><strong>traces</strong></span> <span class='ocrx_word' id='word_1_395' title='bbox 1600 2568 1662 2602; x_wconf 90' lang='lat' dir='ltr'><strong>the</strong></span> <span class='ocrx_word' id='word_1_396' title='bbox 1679 2567 1867 2611; x_wconf 82' lang='lat' dir='ltr'><strong>following</strong></span> <span class='ocrx_word' id='word_1_397' title='bbox 1884 2579 2021 2612; x_wconf 84' lang='lat' dir='ltr'><strong>groups</strong></span> 
     </span>
     <span class='ocr_line' id='line_1_46' title="bbox 359 2626 798 2672; baseline 0.005 -13"><span class='ocrx_word' id='word_1_398' title='bbox 359 2626 393 2660; x_wconf 91' lang='lat' dir='ltr'><strong>in</strong></span> <span class='ocrx_word' id='word_1_399' title='bbox 413 2627 474 2661; x_wconf 87' lang='lat' dir='ltr'><strong>the</strong></span> <span class='ocrx_word' id='word_1_400' title='bbox 494 2627 798 2672; x_wconf 80' lang='lat' dir='ltr'><strong>representation.</strong></span> 
     </span>
    </p>
   </div>
   <div class='ocr_carea' id='block_1_19' title="bbox 393 2705 2027 2868">
    <p class='ocr_par' dir='ltr' id='par_1_19' title="bbox 393 2705 2027 2868">
     <span class='ocr_line' id='line_1_47' title="bbox 403 2705 2027 2751; baseline -0.002 -10"><span class='ocrx_word' id='word_1_401' title='bbox 403 2709 427 2741; x_wconf 90' lang='grc' dir='ltr'><em>Ι.</em></span> <span class='ocrx_word' id='word_1_402' title='bbox 459 2708 639 2742; x_wconf 74' lang='lat' dir='ltr'><strong>Matthew</strong></span> <span class='ocrx_word' id='word_1_403' title='bbox 660 2724 692 2735; x_wconf 95' lang='lat'>=</span> <span class='ocrx_word' id='word_1_404' title='bbox 716 2709 805 2742; x_wconf 82' lang='lat' dir='ltr'><em>Man</em></span> <span class='ocrx_word' id='word_1_405' title='bbox 828 2720 834 2749; x_wconf 95' lang='lat'>;</span> <span class='ocrx_word' id='word_1_406' title='bbox 865 2708 975 2741; x_wconf 78' lang='lat' dir='ltr'><strong>Mark</strong></span> <span class='ocrx_word' id='word_1_407' title='bbox 997 2723 1027 2734; x_wconf 69' lang='grc' dir='ltr'>Ξ</span> <span class='ocrx_word' id='word_1_408' title='bbox 1051 2707 1143 2741; x_wconf 91' lang='lat' dir='ltr'><strong>Lion</strong></span> <span class='ocrx_word' id='word_1_409' title='bbox 1162 2720 1169 2749; x_wconf 90' lang='grc'>;</span> <span class='ocrx_word' id='word_1_410' title='bbox 1199 2707 1302 2741; x_wconf 89' lang='lat' dir='ltr'><strong>Luke</strong></span> <span class='ocrx_word' id='word_1_411' title='bbox 1323 2722 1354 2733; x_wconf 66' lang='grc' dir='ltr'><em>ετ</em></span> <span class='ocrx_word' id='word_1_412' title='bbox 1377 2707 1459 2745; x_wconf 74' lang='lat' dir='ltr'><em>Ox:</em></span> <span class='ocrx_word' id='word_1_413' title='bbox 1495 2707 1592 2751; x_wconf 88' lang='lat' dir='ltr'><strong>John</strong></span> <span class='ocrx_word' id='word_1_414' title='bbox 1613 2721 1645 2733; x_wconf 87' lang='lat'><strong><em>=</em></strong></span> <span class='ocrx_word' id='word_1_415' title='bbox 1666 2705 1786 2749; x_wconf 82' lang='lat' dir='ltr'><strong>Eagle</strong></span> <span class='ocrx_word' id='word_1_416' title='bbox 1805 2705 1957 2748; x_wconf 57' lang='lat' dir='ltr'><strong>(XVorks</strong></span> <span class='ocrx_word' id='word_1_417' title='bbox 1985 2705 2027 2739; x_wconf 91' lang='lat' dir='ltr'><em>of</em></span> 
     </span>
     <span class='ocr_line' id='line_1_48' title="bbox 500 2765 1546 2811; baseline 0 -12"><span class='ocrx_word' id='word_1_418' title='bbox 500 2765 742 2810; x_wconf 83' lang='lat' dir='ltr'><strong>Theophilus,</strong></span> <span class='ocrx_word' id='word_1_419' title='bbox 762 2766 986 2809; x_wconf 80' lang='lat' dir='ltr'><strong>Victorinus,</strong></span> <span class='ocrx_word' id='word_1_420' title='bbox 1006 2765 1253 2811; x_wconf 70' lang='lat' dir='ltr'><strong>Epiphanius,</strong></span> <span class='ocrx_word' id='word_1_421' title='bbox 1271 2767 1432 2810; x_wconf 80' lang='lat' dir='ltr'><strong>Jemme,</strong></span> <span class='ocrx_word' id='word_1_422' title='bbox 1451 2765 1546 2807; x_wconf 73' lang='lat' dir='ltr'><strong>eto).</strong></span> 
     </span>
     <span class='ocr_line' id='line_1_49' title="bbox 393 2821 2019 2868; baseline -0.002 -10"><span class='ocrx_word' id='word_1_423' title='bbox 393 2826 441 2858; x_wconf 92' lang='lat'><em>11.</em></span> <span class='ocrx_word' id='word_1_424' title='bbox 471 2825 648 2859; x_wconf 74' lang='lat' dir='ltr'><strong>Matthew</strong></span> <span class='ocrx_word' id='word_1_425' title='bbox 669 2841 702 2852; x_wconf 93' lang='lat'><strong><em>=</em></strong></span> <span class='ocrx_word' id='word_1_426' title='bbox 725 2826 815 2859; x_wconf 81' lang='lat' dir='ltr'><em>Man</em></span> <span class='ocrx_word' id='word_1_427' title='bbox 835 2838 841 2866; x_wconf 92' lang='lat'>;</span> <span class='ocrx_word' id='word_1_428' title='bbox 879 2825 989 2858; x_wconf 84' lang='lat' dir='ltr'><strong>Mark</strong></span> <span class='ocrx_word' id='word_1_429' title='bbox 1010 2841 1041 2851; x_wconf 82' lang='lat'><strong><em>=</em></strong></span> <span class='ocrx_word' id='word_1_430' title='bbox 1063 2825 1182 2868; x_wconf 80' lang='lat' dir='ltr'><strong>Eagle</strong></span> <span class='ocrx_word' id='word_1_431' title='bbox 1203 2837 1210 2865; x_wconf 92' lang='lat'>;</span> <span class='ocrx_word' id='word_1_432' title='bbox 1238 2824 1339 2858; x_wconf 87' lang='lat' dir='ltr'><strong>Luke</strong></span> <span class='ocrx_word' id='word_1_433' title='bbox 1359 2839 1389 2850; x_wconf 87' lang='lat'>=</span> <span class='ocrx_word' id='word_1_434' title='bbox 1409 2824 1466 2857; x_wconf 87' lang='lat' dir='ltr'><em>Ox</em></span> <span class='ocrx_word' id='word_1_435' title='bbox 1487 2835 1494 2864; x_wconf 83' lang='lat'><em>3</em></span> <span class='ocrx_word' id='word_1_436' title='bbox 1531 2823 1627 2867; x_wconf 87' lang='lat' dir='ltr'><strong>John</strong></span> <span class='ocrx_word' id='word_1_437' title='bbox 1649 2838 1679 2849; x_wconf 91' lang='lat'><strong><em>=</em></strong></span> <span class='ocrx_word' id='word_1_438' title='bbox 1704 2821 1794 2856; x_wconf 88' lang='lat' dir='ltr'><strong>Lion</strong></span> <span class='ocrx_word' id='word_1_439' title='bbox 1814 2822 2019 2865; x_wconf 69' lang='lat' dir='ltr'><strong>(henaens,</strong></span> 
     </span>
    </p>
   </div>
   <div class='ocr_carea' id='block_1_20' title="bbox 363 2883 2019 2983">
    <p class='ocr_par' dir='ltr' id='par_1_20' title="bbox 363 2883 2019 2983">
     <span class='ocr_line' id='line_1_50' title="bbox 499 2883 809 2926; baseline 0.003 -10"><span class='ocrx_word' id='word_1_440' title='bbox 499 2884 694 2926; x_wconf 70' lang='lat' dir='ltr'><strong>Ambrose,</strong></span> <span class='ocrx_word' id='word_1_441' title='bbox 713 2883 809 2925; x_wconf 67' lang='lat' dir='ltr'><strong>eto).</strong></span> 
     </span>
     <span class='ocr_line' id='line_1_51' title="bbox 363 2937 2019 2983; baseline -0.001 -10"><span class='ocrx_word' id='word_1_442' title='bbox 363 2940 433 2973; x_wconf 91' lang='lat' dir='ltr'>III.</span> <span class='ocrx_word' id='word_1_443' title='bbox 467 2941 645 2974; x_wconf 75' lang='lat' dir='ltr'><strong>Matthew</strong></span> <span class='ocrx_word' id='word_1_444' title='bbox 667 2957 697 2967; x_wconf 85' lang='lat'><strong><em>=</em></strong></span> <span class='ocrx_word' id='word_1_445' title='bbox 722 2940 835 2981; x_wconf 88' lang='lat' dir='ltr'><strong>Lion;</strong></span> <span class='ocrx_word' id='word_1_446' title='bbox 856 2941 965 2974; x_wconf 84' lang='lat' dir='ltr'><strong>Mark</strong></span> <span class='ocrx_word' id='word_1_447' title='bbox 987 2956 1017 2967; x_wconf 95' lang='lat'><strong><em>=</em></strong></span> <span class='ocrx_word' id='word_1_448' title='bbox 1042 2941 1132 2974; x_wconf 78' lang='lat' dir='ltr'><em>Man</em></span> <span class='ocrx_word' id='word_1_449' title='bbox 1154 2953 1161 2981; x_wconf 93' lang='lat'>;</span> <span class='ocrx_word' id='word_1_450' title='bbox 1190 2940 1292 2974; x_wconf 83' lang='lat' dir='ltr'><strong>Luke</strong></span> <span class='ocrx_word' id='word_1_451' title='bbox 1314 2955 1345 2967; x_wconf 94' lang='lat'><strong><em>=</em></strong></span> <span class='ocrx_word' id='word_1_452' title='bbox 1368 2940 1450 2979; x_wconf 78' lang='lat' dir='ltr'><em>Ox3</em></span> <span class='ocrx_word' id='word_1_453' title='bbox 1475 2939 1572 2983; x_wconf 87' lang='lat' dir='ltr'><strong>John</strong></span> <span class='ocrx_word' id='word_1_454' title='bbox 1594 2954 1625 2966; x_wconf 87' lang='lat'><strong><em>=</em></strong></span> <span class='ocrx_word' id='word_1_455' title='bbox 1647 2939 1766 2982; x_wconf 77' lang='lat' dir='ltr'><strong>Eagle</strong></span> <span class='ocrx_word' id='word_1_456' title='bbox 1784 2937 2019 2982; x_wconf 80' lang='lat' dir='ltr'><strong>(Augustine,</strong></span> 
     </span>
    </p>
   </div>
   <div class='ocr_carea' id='block_1_21' title="bbox 361 2998 2019 3287">
    <p class='ocr_par' dir='ltr' id='par_1_21' title="bbox 361 2998 2019 3287">
     <span class='ocr_line' id='line_1_52' title="bbox 504 2998 866 3041; baseline 0.003 -10"><span class='ocrx_word' id='word_1_457' title='bbox 504 2998 716 3041; x_wconf 69' lang='lat' dir='ltr'><strong>Prinmsius,</strong></span> <span class='ocrx_word' id='word_1_458' title='bbox 738 2998 866 3041; x_wconf 77' lang='lat' dir='ltr'><strong>Beda).</strong></span> 
     </span>
     <span class='ocr_line' id='line_1_53' title="bbox 384 3055 2019 3100; baseline 0.001 -11"><span class='ocrx_word' id='word_1_459' title='bbox 384 3057 445 3089; x_wconf 66' lang='lat' dir='ltr'><em>lv.</em></span> <span class='ocrx_word' id='word_1_460' title='bbox 476 3057 656 3090; x_wconf 75' lang='lat' dir='ltr'><strong>Matthew</strong></span> <span class='ocrx_word' id='word_1_461' title='bbox 678 3072 709 3084; x_wconf 94' lang='lat'><strong><em>=</em></strong></span> <span class='ocrx_word' id='word_1_462' title='bbox 732 3058 823 3090; x_wconf 81' lang='lat' dir='ltr'><em>Man</em></span> <span class='ocrx_word' id='word_1_463' title='bbox 843 3070 850 3098; x_wconf 83' lang='lat'><em>3</em></span> <span class='ocrx_word' id='word_1_464' title='bbox 880 3057 990 3091; x_wconf 81' lang='lat' dir='ltr'><strong>Mark</strong></span> <span class='ocrx_word' id='word_1_465' title='bbox 1011 3073 1042 3084; x_wconf 95' lang='lat'><strong><em>=</em></strong></span> <span class='ocrx_word' id='word_1_466' title='bbox 1064 3057 1122 3091; x_wconf 79' lang='lat' dir='ltr'><em>Ox</em></span> <span class='ocrx_word' id='word_1_467' title='bbox 1142 3070 1149 3099; x_wconf 92' lang='lat'>;</span> <span class='ocrx_word' id='word_1_468' title='bbox 1190 3057 1292 3090; x_wconf 84' lang='lat' dir='ltr'><strong>Luke</strong></span> <span class='ocrx_word' id='word_1_469' title='bbox 1314 3072 1345 3084; x_wconf 91' lang='lat'>=</span> <span class='ocrx_word' id='word_1_470' title='bbox 1368 3056 1459 3090; x_wconf 91' lang='lat' dir='ltr'><strong>Lion</strong></span> <span class='ocrx_word' id='word_1_471' title='bbox 1480 3069 1487 3097; x_wconf 81' lang='lat'><em>3</em></span> <span class='ocrx_word' id='word_1_472' title='bbox 1523 3056 1619 3100; x_wconf 88' lang='lat' dir='ltr'><strong>John</strong></span> <span class='ocrx_word' id='word_1_473' title='bbox 1641 3071 1673 3082; x_wconf 62' lang='grc' dir='ltr'>Ξ</span> <span class='ocrx_word' id='word_1_474' title='bbox 1695 3056 1814 3099; x_wconf 79' lang='lat' dir='ltr'><strong>Eagle</strong></span> <span class='ocrx_word' id='word_1_475' title='bbox 1839 3055 2019 3099; x_wconf 86' lang='lat' dir='ltr'><strong>(Pseudo-</strong></span> 
     </span>
     <span class='ocr_line' id='line_1_54' title="bbox 500 3114 960 3159; baseline 0.004 -12"><span class='ocrx_word' id='word_1_476' title='bbox 500 3114 731 3148; x_wconf 72' lang='lat' dir='ltr'><strong>Athanasian</strong></span> <span class='ocrx_word' id='word_1_477' title='bbox 753 3115 960 3159; x_wconf 80' lang='lat' dir='ltr'><strong>Synopsis).</strong></span> 
     </span>
     <span class='ocr_line' id='line_1_55' title="bbox 430 3183 2018 3228; baseline 0.001 -11"><span class='ocrx_word' id='word_1_478' title='bbox 430 3185 501 3217; x_wconf 77' lang='lat' dir='ltr'><strong>We</strong></span> <span class='ocrx_word' id='word_1_479' title='bbox 528 3196 590 3218; x_wconf 74' lang='lat' dir='ltr'><em>see</em></span> <span class='ocrx_word' id='word_1_480' title='bbox 608 3185 687 3218; x_wconf 77' lang='lat' dir='ltr'><strong>that</strong></span> <span class='ocrx_word' id='word_1_481' title='bbox 707 3186 768 3218; x_wconf 86' lang='lat' dir='ltr'><strong>the</strong></span> <span class='ocrx_word' id='word_1_482' title='bbox 784 3186 947 3228; x_wconf 78' lang='lat' dir='ltr'><strong>symbols</strong></span> <span class='ocrx_word' id='word_1_483' title='bbox 967 3185 1092 3219; x_wconf 79' lang='lat' dir='ltr'><strong>varied</strong></span> <span class='ocrx_word' id='word_1_484' title='bbox 1120 3185 1155 3219; x_wconf 89' lang='lat' dir='ltr'><strong>in</strong></span> <span class='ocrx_word' id='word_1_485' title='bbox 1178 3186 1240 3219; x_wconf 90' lang='lat' dir='ltr'><strong>the</strong></span> <span class='ocrx_word' id='word_1_486' title='bbox 1258 3186 1431 3219; x_wconf 73' lang='lat' dir='ltr'><strong>W&#39;estern</strong></span> <span class='ocrx_word' id='word_1_487' title='bbox 1452 3183 1612 3225; x_wconf 85' lang='lat' dir='ltr'><strong>Church‚</strong></span> <span class='ocrx_word' id='word_1_488' title='bbox 1632 3195 1673 3217; x_wconf 85' lang='lat' dir='ltr'><em>so</em></span> <span class='ocrx_word' id='word_1_489' title='bbox 1691 3184 1771 3217; x_wconf 82' lang='lat' dir='ltr'><strong>that</strong></span> <span class='ocrx_word' id='word_1_490' title='bbox 1789 3183 1814 3217; x_wconf 92' lang='lat' dir='ltr'><strong>it</strong></span> <span class='ocrx_word' id='word_1_491' title='bbox 1834 3184 1954 3218; x_wconf 86' lang='lat' dir='ltr'><strong>would</strong></span> <span class='ocrx_word' id='word_1_492' title='bbox 1971 3184 2018 3218; x_wconf 92' lang='lat' dir='ltr'><strong>be</strong></span> 
     </span>
     <span class='ocr_line' id='line_1_56' title="bbox 361 3241 2019 3287; baseline 0.001 -13"><span class='ocrx_word' id='word_1_493' title='bbox 361 3241 575 3285; x_wconf 79' lang='lat' dir='ltr'><strong>impossible</strong></span> <span class='ocrx_word' id='word_1_494' title='bbox 603 3251 639 3277; x_wconf 87' lang='lat' dir='ltr'><em>to</em></span> <span class='ocrx_word' id='word_1_495' title='bbox 659 3244 719 3277; x_wconf 91' lang='lat' dir='ltr'><strong>tell</strong></span> <span class='ocrx_word' id='word_1_496' title='bbox 739 3243 856 3277; x_wconf 84' lang='lat' dir='ltr'><strong>which</strong></span> <span class='ocrx_word' id='word_1_497' title='bbox 877 3255 995 3287; x_wconf 81' lang='lat' dir='ltr'><strong>group</strong></span> <span class='ocrx_word' id='word_1_498' title='bbox 1014 3244 1134 3277; x_wconf 85' lang='lat' dir='ltr'><strong>would</strong></span> <span class='ocrx_word' id='word_1_499' title='bbox 1152 3244 1198 3278; x_wconf 90' lang='lat' dir='ltr'><strong>be</strong></span> <span class='ocrx_word' id='word_1_500' title='bbox 1217 3251 1292 3278; x_wconf 85' lang='lat' dir='ltr'><em>met</em></span> <span class='ocrx_word' id='word_1_501' title='bbox 1311 3243 1396 3277; x_wconf 84' lang='lat' dir='ltr'><strong>with</strong></span> <span class='ocrx_word' id='word_1_502' title='bbox 1425 3242 1460 3276; x_wconf 89' lang='lat' dir='ltr'><em>in</em></span> <span class='ocrx_word' id='word_1_503' title='bbox 1489 3241 1639 3276; x_wconf 84' lang='lat' dir='ltr'><strong>Britain.</strong></span> <span class='ocrx_word' id='word_1_504' title='bbox 1691 3242 1772 3276; x_wconf 90' lang='lat' dir='ltr'><strong>The</strong></span> <span class='ocrx_word' id='word_1_505' title='bbox 1795 3241 2019 3287; x_wconf 80' lang='lat' dir='ltr'><strong>probability</strong></span> 
     </span>
    </p>
   </div>
  </div>
 </body>
</html>
