2173 3556
650 556 768 632 {isc
823 555 1117 646 affinium
1172 551 1619 627 Britanniam

964 868 1317 916 PREFACE.

797 990 986 1030 Motives
1003 990 1086 1040 sor
1116 988 1300 1039 wrz'tz'ng
1325 986 1474 1026 stated.

316 1108 371 1147 IN
396 1107 475 1146 hac
508 1105 693 1158 epistola
724 1104 931 1156 quicquid
967 1101 1170 1142 deflendo
1207 1101 1353 1153 potius
1387 1113 1520 1152 quam
1558 1098 1861 1146 declamando,
1895 1096 1967 1135 vili
1993 1105 2010 1135 Ι

313 1173 411 1212 licet
449 1171 561 1220 stilo,
584 1177 731 1210 tamen
766 1169 970 1221 benigno,
1006 1168 1127 1207 fuero
1162 1171 1430 1219 prosecutus,
1464 1178 1518 1204 ne
1555 1164 1653 1216 quis
1688 1177 1770 1213 me,
1806 1162 1966 1202 affectu

311 1247 490 1281 cunctos
541 1238 785 1291 spernentis
836 1237 1096 1277 omnibusve
1149 1235 1351 1284 melioris,
1394 1233 1559 1286 quippe
1604 1232 1678 1285 qui
1731 1245 1967 1272 commune

310 1310 523 1349 bonorum
567 1307 846 1359 dispendium
890 1305 1194 1358 malorumque
1236 1302 1461 1343 cumulum
1504 1301 1746 1341 lacrimosis
1780 1299 1966 1353 querelis

310 1377 509 1424 defleam,
531 1376 606 1415 sed
630 1374 905 1415 condolentis
928 1373 1096 1426 patriae
1118 1371 1558 1413 incommoditatibus
1581 1370 1853 1422 miseriisque
1875 1369 1966 1409 eius
2006 1383 2023 1413 5

311 1459 360 1484 ac
383 1445 584 1484 remediis
608 1443 950 1483 condelectantis
972 1442 1217 1482 edicturum
1242 1446 1379 1494 putet,
1401 1440 1503 1493 quia
1535 1452 1623 1478 non
1657 1444 1749 1479 tam
1787 1437 1968 1478 fortissi-

313 1528 482 1553 morum
507 1513 693 1552 militum
717 1512 944 1552 enuntiare
975 1511 1108 1551 trucis
1144 1510 1247 1550 belli
1281 1509 1473 1562 pericula
1511 1508 1617 1547 mihi
1654 1513 1869 1548 statutum
1902 1513 1969 1547 est

311 1596 443 1634 quam
481 1581 812 1622 desidiosorum.
875 1580 997 1629 silui,
1020 1580 1170 1628 fateor,
1193 1592 1293 1619 cum
1317 1579 1519 1618 inmenso
1549 1577 1693 1617 cordis
1725 1575 1888 1625 dolore,
1919 1582 1968 1616 ut

313 1652 417 1691 mihi
441 1665 592 1691 renum
616 1656 830 1690 scrutator
852 1650 975 1689 testis
1008 1655 1073 1689 est
1107 1649 1340 1695 Dominus,
1377 1647 1520 1700 spatio
1553 1646 1723 1687 bilustri
1757 1645 1968 1698 temporis

311 1719 378 1758 vel
411 1733 462 1758 eo
494 1718 682 1771 amplius
717 1714 1296 1770 praetereuntiS,'imperitia
1327 1716 1388 1756 sic
1425 1722 1473 1755 ut
1510 1721 1553 1755 et
1586 1729 1714 1765 nunc,
1747 1728 1834 1755 una
1868 1728 1967 1754 cum
1989 1724 2026 1744 10

311 1788 467 1827 vilibus
484 1801 552 1826 me
570 1787 733 1826 meritis
752 1786 1060 1835 inhibentibus,
1078 1799 1131 1825 ne
1146 1785 1514 1838 qualemcumque
1529 1781 1971 1824 admonitiunculam1

313 1857 557 1895 scriberem.

401 1924 623 1977 Legebam
649 1923 932 1963 nihilominus
955 1924 1265 1964 admirandum
1289 1922 1585 1976 legislatorem
1610 1922 1667 1962 ob
1689 1921 1817 1961 unius
1848 1920 1970 1961 verbi

32 2011 128 2039 ΝΜ,
150 2021 197 2042 xx.
222 2020 262 2038 12.
312 1993 631 2032 dubitationem
655 1999 814 2032 terram
838 1991 1172 2031 desiderabilem
1197 2005 1282 2031 non
1307 1992 1551 2031 introiisse:
1583 1990 1694 2030 filios
1727 1989 1968 2030 sacerdotis

32 2051 129 2118 ssltiiti.
147 2060 225 2121 xxxxii,
241 2072 289 2126 ἐι

69 2136 114 2165 05·
312 2131 541 2169 verborum
572 2131 653 2169 Dei
687 2128 1099 2182 praevaricatorem2
1130 2136 1441 2169 sexcentorum
1476 2129 1645 2168 milium
1678 2128 1851 2169 duobus
1893 2141 1970 2168 ex-

312 2062 501 2101 alienum
554 2061 833 2101 admovendo
865 2060 990 2100 altari
1025 2061 1169 2113 ignem
1209 2061 1296 2100 cito
1334 2061 1456 2100 exitu
1500 2060 1705 2112 periisse:
1756 2058 1969 2112 populum
1991 2076 2027 2106 15

32 2212 130 2255 Λ-ῖιυιξ.
151 2211 208 2244 xiv,
228 2221 283 2254 223
312 2200 448 2251 ceptis
466 2199 690 2238 veracibus
713 2205 756 2238 et
779 2199 956 2250 quidem
978 2198 1076 2238 Deo
1090 2199 1376 2247 carissimum,
1391 2198 1556 2251 quippe
1571 2198 1639 2238 cui
1655 2198 1735 2238 iter
1753 2197 1972 2238 levissime

69 2259 196 2322 {225³
221 2260 289 2283 ‘xm'
312 2274 495 2307 stratum
520 2267 721 2320 profundi
758 2268 905 2319 glarea
943 2267 1073 2307 maris
1111 2267 1239 2316 rubri,
1277 2267 1398 2307 cibus
1433 2267 1632 2307 caelestis
1669 2267 1807 2320 panis,
1841 2272 1971 2319 potus

313 2351 450 2376 novus
472 2351 529 2376 ex
553 2350 658 2388 rupe
689 2337 840 2384 viator,
871 2337 985 2376 acies
1023 2336 1186 2376 invicta
1221 2334 1431 2376 manuum
1470 2336 1564 2376 sola
1601 2336 1774 2376 intensa
1810 2335 1972 2376 erectio

33 2423 129 2464 xum,
151 2423 209 2453 m,
227 2423 264 2465 s„
314 2406 450 2454 fuerit,
473 2406 621 2445 bestiis
647 2406 756 2445 ferro
779 2406 866 2458 igni
891 2419 967 2458 per
991 2405 1183 2446 Arabiae
1205 2406 1379 2446 deserta
1395 2406 1582 2458 sparsim
1601 2406 1811 2446 cecidisse
1832 2420 1840 2445 z
1872 2411 1972 2458 post
1991 2417 2030 2436 20

36 2470 289 2533 [Ulnssffinxfi
313 2474 553 2525 ingressum
579 2475 755 2526 ignotae
784 2488 833 2513 ac
866 2475 900 2513 si
939 2474 1137 2513 Iordanis
1175 2481 1328 2526 portae
1351 2475 1558 2526 urbisque
1581 2474 1765 2515 adversa
1797 2475 1974 2514 moenia

34 2548 97 2604 luj'»
110 2548 160 2610 Ji?-
180 2587 225 2614 23¹
245 2588 279 2613 2¹
312 2543 412 2581 solis
429 2542 630 2582 tubarum
647 2542 924 2594 clangoribus
939 2543 1055 2583 iussu
1073 2542 1156 2581 Dei
1171 2542 1363 2591 subruta,
1378 2542 1604 2595 palliolum
1622 2543 1803 2595 aurique
1817 2555 1972 2595 parum

36 2617 158 2682 lll's'sizxaeiz
188 2656 234 2683 W
268 2665 279 2683 Ι
314 2611 368 2649 de
420 2611 700 2650 anathemate
751 2617 1085 2663 praesumptum
1130 2610 1292 2650 multos
1336 2611 1565 2650 stravisse:
1620 2611 1971 2651 Gabaonitarum

315 2680 478 2718 irritum
498 2679 660 2726 foedus,
678 2679 919 2718 calliditate
938 2679 1037 2718 licet
1055 2685 1294 2727 extortum,
1310 2678 1532 2718 nonnullis
1549 2678 1748 2718 intulisse
1763 2679 1972 2728 exitium;

387 2787 392 2806 ¹
422 2788 501 2821 'she
521 2788 664 2821 modest
683 2786 895 2821 estimation
915 2787 955 2820 of
969 2786 1026 2820 his
1045 2787 1145 2820 work
1164 2798 1211 2820 on
1231 2787 1293 2820 the
1313 2793 1393 2830 part
1413 2786 1454 2820 of
1475 2787 1538 2820 the
1557 2786 1691 2820 author
1710 2785 1739 2819 is
1758 2786 1872 2820 found
1891 2787 1973 2820 also

317 2845 350 2877 in
372 2844 427 2877 his
447 2857 510 2879 use
530 2846 570 2879 of
589 2846 649 2879 the
675 2852 767 2879 term
794 2845 1024 2889 opusculum,
1045 2845 1079 2878 in
1098 2856 1150 2879 cc.
1173 2845 1228 2888 62,
1247 2854 1304 2887 94.
1357 2845 1533 2888 Epistola
1551 2856 1710 2889 appears
1729 2845 1833 2878 three
1852 2844 1972 2888 times,

316 2915 365 2936 cc.
392 2913 416 2944 1,
438 2912 490 2945 37,
509 2914 564 2946 93.

385 2960 398 2980 ‘2
423 2962 765 2994 straetrar-scalmum
783 2973 795 2993 .·
820 2959 893 2994 this
912 2960 1013 2994 word
1039 2961 1106 2994 has
1132 2960 1243 2994 taken
1273 2959 1317 2994 its
1344 2959 1482 3004 special
1509 2959 1686 3003 meaning
1705 2959 1798 2993 from
1817 2960 1878 2994 the
1898 2960 1973 2994 Old

320 3017 423 3050 Latin
459 3018 614 3054 version,
636 3019 754 3052 where
789 3018 814 3052 it
839 3025 1048 3063 represents
1085 3018 1288 3063 παραβάτης
1321 3018 1363 3051 of
1391 3018 1453 3052 the
1491 3018 1605 3051 LXX.
1675 3018 1842 3052 Romans
1862 3017 1896 3058 ii,
1917 3026 1971 3061 25,

309 3077 596 3118 jvncvassallor
613 3077 712 3119 Jqqss,
731 3088 753 3108 a
772 3080 1024 3120 transgressor
1046 3076 1092 3120 os
1108 3077 1166 3110 llte
1184 3077 1268 3109 law.
1320 3075 1401 3109 The
1420 3075 1508 3108 verb
1526 3075 1604 3117 has,
1625 3074 1660 3108 in
1679 3075 1741 3108 the
1761 3086 1863 3109 same
1881 3087 1972 3120 way,

316 3133 377 3166 the
412 3133 586 3175 meaning
617 3134 657 3166 os
688 3134 925 3178 παραβαίνειν.
997 3135 1037 3167 In
1075 3133 1247 3178 Cyprian,
1280 3134 1357 3167 Ex.
1389 3143 1442 3176 32,
1469 3133 1500 3175 8,
1528 3144 1614 3166 runs
1650 3133 1734 3166 thus
1754 3145 1760 3167 :
1796 3135 1973 3177 quoniam

318 3193 511 3232 (arrasum
529 3195 582 3223 ev!
597 3196 631 3223 vl
643 3193 928 3234 757'171*7'127‘z'c‹1lzl.r
951 3195 1004 3224 cst
1020 3193 1103 3224 vias
1124 3203 1222 3224 meas
1239 3202 1333 3234 (μίας
1347 3191 1520 3235 praecepi
1534 3192 1595 3224 cis.
