2173 3556
461 271 547 303 102
954 259 1034 305 De
1058 259 1270 306 Excidio
1294 258 1609 307 Britanniae.

449 391 546 431 illos
588 392 719 446 plaga
761 407 847 433 non
885 399 1085 447 tangeret
1123 395 1232 435 mori
1268 400 1465 448 optasset
1501 396 1715 437 dicendo:
1765 395 1860 448 Ego
1899 409 1995 436 sum
2035 395 2114 448 qui

436 462 619 513 peccavi,
649 476 722 514 ego
747 469 903 514 pastor
931 463 1074 516 inique
1106 464 1202 516 egi:
1236 464 1315 504 isti
1345 464 1424 517 qui
1454 479 1548 505 oves
1578 471 1681 504 sunt
1711 464 1820 517 quid
1836 470 2070 517 peccarunt
2083 464 2109 504 P

461 529 500 569 V
497 536 676 579 artatur,
712 530 880 580 obsecro,
916 545 1070 571 manus
1106 538 1182 571 tua
1217 539 1362 572 contra
1399 547 1462 572 me
1496 539 1537 572 et
1575 539 1721 572 contra
1755 532 1928 572 domum
1961 532 2109 584 patris

450 597 541 646 mei,
564 598 930 639 inconsideratam
956 601 1098 640 cordis
1121 600 1355 640 elationem
1380 601 1555 654 propria
1578 607 1718 640 morte
1741 601 1891 652 piaret.

542 667 656 706 Nam
692 668 797 719 quid
831 669 1062 720 scriptura1
1095 669 1137 708 in
1171 669 1543 722 consequentibus
1576 670 1630 709 cle
1665 668 1754 708 filio
1803 670 1894 709 eius
1928 673 2109 710 narrat?
2149 688 2166 718 5

167 736 270 773 IReg.
291 736 330 769 xi,
349 736 376 764 6-
449 735 576 785 Fecit,
614 737 826 789 inquiens
861 738 1064 778 Salomon
1093 739 1207 790 quod
1224 753 1305 778 non
1329 739 1553 791 placuerat
1581 751 1722 778 coram
1744 739 1932 779 Domino
1953 745 1994 779 et
2026 753 2107 779 non

167 812 177 840 Ι
196 813 268 849 Ᾱην.
290 813 329 845 xi.
350 823 393 842 11.
448 804 709 857 adimplevit,
732 812 781 845 ut
799 813 1042 858 sequeretur
1061 807 1311 855 Dominum,
1327 807 1437 847 sicut
1445 814 1579 859 pater
1589 807 1689 847 eius.
1743 807 1876 847 Dixit
1895 807 2111 847 Dominus

448 873 510 913 ad
525 887 620 914 eum
637 889 650 914 .·
683 874 786 927 quia
806 875 1001 915 habuisti
1017 876 1091 916 lloc
1109 876 1229 929 apud
1245 883 1283 916 te
1309 883 1349 916 et
1370 890 1451 916 non
1472 876 1696 917 custodisti
1703 883 1879 930 pactum
1912 891 2050 916 meum
2073 886 2112 916 et

436 949 662 995 praecepta
694 958 786 983 mea
807 959 915 996 quae
936 946 1148 986 mandavi
1173 945 1262 995 tibi,
1282 945 1553 998 disrumpens
1572 947 1764 986 scindam
1788 959 1964 998 regnum
1988 953 2109 987 tuum

447 1017 487 1050 et
505 1011 611 1051 dabo
632 1012 746 1052 illud
760 1026 879 1052 servo
901 1019 980 1053 tu0.
2132 1030 2169 1049 10

535 1080 654 1133 Quid
697 1080 869 1122 duobus
908 1083 1159 1136 sacrilegis}
1195 1097 1335 1136 aeque
1377 1091 1424 1124 ut
1467 1084 1538 1124 isti
1581 1090 1695 1133 sunt,
1731 1084 1894 1124 Israhel
1933 1084 2109 1137 regibus
2130 1100 2173 1142 4(

450 1149 720 1190 Hieroboae3
756 1156 799 1190 et
843 1151 1011 1192 Baasae
1049 1153 1220 1200 accidit,
1249 1153 1427 1193 audite:
1475 1153 1634 1206 quibus
1671 1155 1889 1194 sententia
1927 1154 2109 1194 Domini

446 1219 648 1271 dirigitur
680 1233 757 1272 per
789 1221 1051 1273 prophetam
1075 1222 1136 1261 ita
1172 1221 1385 1262 dicentis:
1407 1229 1585 1274 propter
1616 1223 1732 1275 quod
1759 1222 2042 1276 magnificavi
2074 1230 2112 1263 te

164 1307 176 1334 1
200 1307 275 1343 Reg.
312 1306 371 1339 xvi,
396 1315 424 1340 2,
436 1287 674 1339 principem
695 1295 821 1340 super
849 1289 1029 1339 Israhel,
1051 1290 1155 1343 quia
1175 1290 1533 1330 exacerbaverunt
1554 1305 1618 1330 me
1639 1291 1684 1331 in
1707 1291 1834 1331 vanis
1854 1306 2009 1339 eorum,
2030 1306 2112 1332 ecce

203 1355 229 1382 3¹
248 1355 275 1381 4·
444 1370 516 1408 ego
536 1357 689 1396 suscito
701 1364 800 1409 post
818 1357 1011 1398 Baasam
1035 1365 1076 1398 et
1099 1366 1197 1411 post
1229 1359 1401 1399 domum
1438 1360 1530 1399 eins
1549 1366 1589 1399 et
1620 1360 1794 1400 tradam
1827 1361 1999 1400 domum
2021 1361 2112 1401 eius
2132 1382 2167 1411 15

445 1425 556 1464 sicut
573 1424 746 1465 domum
780 1425 974 1467 Jeroboae
1000 1427 1190 1468 Nabath.
1257 1427 1348 1478 Qui
1379 1434 1574 1468 mortuus
1581 1428 1727 1479 suerit
1746 1429 1796 1468 de
1829 1428 1922 1468 suis
1942 1429 1988 1468 in
2008 1429 2111 1469 civi-

448 1500 543 1543 tate,
565 1495 776 1534 comedent
794 1509 888 1535 eum
910 1509 1032 1536 canes
1052 1503 1093 1536 et
1112 1503 1328 1536 mortuum
1359 1504 1506 1549 corpus
1528 1497 1647 1538 illius
1675 1497 1721 1537 in
1741 1505 1884 1550 campo
1904 1499 2115 1539 comedent

448 1562 645 1603 volatilia
684 1563 797 1604 caeli.
861 1563 980 1617 Quid
1024 1565 1084 1605 illi
1127 1579 1304 1618 quoque
1336 1566 1548 1607 scelerato
1583 1567 1673 1619 regi
1718 1567 1883 1607 Israhel
1926 1568 2108 1608 istorum

450 1632 810 1684 commanipulari,
849 1634 970 1673 cuius
1012 1633 1204 1674 colludio
1242 1641 1285 1674 et
1333 1634 1486 1674 uxoris
1522 1634 1626 1675 dolo
1670 1635 1851 1676 Naboth
1894 1636 2104 1676 innocens

446 1705 625 1752 propter
647 1706 877 1752 paternam
902 1702 1076 1741 vineam
1110 1716 1349 1755 oppressus
1391 1709 1469 1752 est,
1506 1710 1660 1743 sancto
1697 1717 1771 1743 ore
1805 1704 1918 1744 illius
1953 1705 2111 1745 Heliae
2129 1726 2168 1746 20

449 1775 582 1821 atque
625 1769 811 1821 ignifero
852 1770 1037 1810 Domini
1079 1771 1275 1824 alloquio
1317 1772 1532 1812 instructo
1569 1773 1772 1822 minatur,
1810 1774 1870 1814 ita
1912 1774 2110 1815 dicente:

164 1856 175 1884 1
194 1855 413 1892 A>2g.xxi.19-
450 1837 653 1878 Occidisti
696 1838 872 1890 insuper
915 1846 956 1879 et
985 1840 1223 1892 possedisti.
1305 1840 1367 1880 Et
1396 1848 1495 1893 post
1529 1841 1630 1881 haec
1667 1842 1798 1882 addes
1812 1857 1826 1882 .·
1868 1842 1968 1882 llaec
2005 1843 2113 1883 dicit

445 1907 662 1946 Dominus
677 1922 692 1947 .·
723 1907 768 1947 in
804 1908 886 1947 loco
916 1908 999 1958 lzoc,
1037 1909 1082 1948 in
1114 1923 1194 1962 quo
1226 1909 1448 1950 linxerunt
1478 1924 1600 1950 canes
1634 1911 1888 1963 sauguinem
1922 1912 2110 1962 Nabotlc,

444 1976 631 2016 lambent
651 1991 811 2030 quoquc
832 1984 953 2018 tuum
975 1979 1240 2031 sauguinem.
1304 1978 1436 2031 Quod
1454 1980 1513 2019 ita
1531 1980 1694 2020 factum
1719 1980 1850 2020 fuisse
1869 1981 2111 2021 certissima

447 2046 615 2085 ratione
638 2047 864 2098 cognitum
889 2054 965 2088 est.
1028 2047 1116 2089 Sed
1141 2062 1195 2088 ne
1211 2048 1322 2088 forte
1338 2050 1580 2090 secundum
1605 2063 1737 2102 supra
1760 2049 1929 2090 dictum
1948 2050 2107 2090 Achab
2129 2072 2166 2100 25

164 2124 175 2151 Ι
193 2123 266 2160 Reg.
286 2122 357 2155 xxii,
377 2131 422 2151 22.
444 2111 624 2163 spiritus
646 2112 830 2152 mendax
849 2113 1020 2165 loquens
1041 2107 1156 2153 tiana
1179 2114 1224 2153 in
1246 2128 1315 2154 ore
1326 2115 1635 2167 prophetarum
1658 2121 1901 2155 vestrorum
1926 2115 2108 2156 seducat

165 2196 268 2233 Ilezg.
288 2195 358 2229 xxii,
376 2204 422 2232 23.
445 2194 534 2229 VOS,
571 2194 624 2220 ne
659 2194 883 2221 sermones
922 2182 1097 2222 Michae
1134 2183 1377 2235 prophetae
1409 2184 1611 2233 audiatis,
1643 2199 1726 2224 ecce
1755 2185 1958 2236 permisit
1989 2185 2110 2225 Deus

444 2249 644 2301 spiritum
669 2250 882 2290 mendacii
900 2250 945 2290 in
982 2265 1051 2291 ore
1071 2251 1261 2291 omnium
1287 2252 1596 2304 prophetarum
1634 2260 1804 2294 tuorum
1827 2254 1906 2307 qui
1923 2254 1992 2294 llic
2008 2262 2111 2294 suut

519 2404 529 2425 ¹
560 2405 665 2449 Quid
675 2406 885 2450 §mptum
936 2405 1018 2439 The
1033 2405 1197 2449 singular
1215 2405 1244 2439 is
1264 2413 1328 2440 not
1346 2417 1570 2440 uncommon
1590 2419 1631 2441 as
1646 2408 1746 2451 early
1759 2418 1800 2441 as
1817 2407 1878 2441 the
1893 2406 2057 2450 writings
2072 2407 2113 2440 of

448 2463 609 2507 Cyprian
629 2479 659 2490 =
677 2462 807 2508 γραφή,
827 2464 969 2507 though
989 2464 1050 2498 the
1069 2465 1186 2508 plural
1206 2463 1235 2498 is
1255 2465 1317 2498 the
1335 2465 1428 2498 form
1448 2466 1639 2510 generally
1657 2466 1747 2500 used
1774 2466 1823 2510 by
1841 2472 1938 2499 most
1956 2465 2106 2499 writers.

517 2518 530 2539 2
556 2520 766 2564 Sacrilqgis.
819 2520 1035 2564 sacrilegus
1063 2519 1092 2553 is
1111 2521 1308 2564 employed
1327 2521 1375 2565 by
1402 2522 1543 2555 several
1572 2521 1712 2556 writers
1738 2521 1824 2556 with
1850 2522 1911 2556 the
1931 2521 2107 2565 meaning

447 2577 488 2609 of
503 2576 522 2592 “
536 2577 720 2621 idolator,''
739 2590 761 2612 a
780 2577 799 2593 “
812 2577 1040 2622 worshipper
1057 2579 1098 2612 of
1112 2578 1237 2612 idols.''
1288 2580 1548 2624 Sacrilegium,
1570 2579 1605 2613 in
1625 2581 1686 2614 the
1704 2591 1812 2614 sense
1830 2580 1872 2613 of
1881 2580 2106 2623 idololatria,

447 2648 604 2680 appears
639 2636 675 2670 in
718 2637 863 2670 Firmic
893 2637 1060 2679 blatern,
1090 2637 1183 2680 xxiv,
1218 2648 1249 2680 9,
1290 2638 1414 2682 Optat.
1452 2637 1499 2681 iii,
1534 2639 1566 2681 8,
1600 2639 1674 2672 and
1710 2639 1901 2682 Sulpitius
1935 2639 2105 2672 Severus.

450 2695 685 2738 Kofsmanne,
704 2707 730 2729 s.
751 2696 804 2729 66.
857 2696 938 2729 The
958 2696 1057 2729 word
1082 2696 1203 2729 would
1234 2696 1381 2740 equally
1409 2696 1497 2730 befit
1516 2697 1606 2731 both
1633 2697 1834 2741 Jeroboam
1854 2697 1927 2731 and
1957 2697 2105 2732 Baasha

449 2751 484 2784 in
505 2751 576 2785 this
596 2763 713 2785 sense.

517 2809 530 2829 ³
556 2810 769 2844 llicroboae.
821 2811 901 2844 The
931 2818 1002 2844 two
1020 2811 1134 2844 forms
1154 2811 1359 2844 Hl'eroboas
1376 2811 1449 2845 and
1468 2812 1648 2855 jeroboas
1665 2824 1775 2846 occur
1794 2812 1829 2846 in
1850 2812 1922 2846 this
1941 2813 2105 2857 chapter,

448 2868 509 2901 the
536 2868 671 2902 former
685 2868 725 2901 of
744 2867 874 2911 which,
889 2880 930 2902 as
950 2869 1029 2902 well
1045 2880 1085 2902 as
1107 2869 1318 2903 Hieremias
1337 2869 1381 2911 (c.
1403 2869 1434 2911 1)
1453 2871 1569 2913 ought
1588 2877 1625 2904 to
1637 2871 1683 2904 he
1706 2871 1887 2914 regarded
1907 2883 1947 2905 as
1967 2871 2107 2906 Gildas'

447 2937 531 2959 own
550 2926 641 2959 form
662 2926 702 2959 of
716 2927 777 2959 the
797 2938 937 2960 names.
987 2927 1168 2971 Jeremias
1187 2940 1344 2972 appears
1364 2928 1398 2961 in
1419 2940 1447 2962 c.
1473 2937 1527 2970 47.
1578 2930 1648 2963 We
1667 2930 1761 2963 have
1780 2931 1858 2963 also
1877 2931 1979 2964 three
1998 2930 2106 2965 times

446 2983 581 3016 llcll'as
600 2982 634 3016 in
653 2984 866 3027 preference
886 2992 922 3018 to
940 2985 1053 3018 Elias
1073 2998 1080 3026 ;
1099 2986 1173 3019 and
1194 2985 1219 3020 it
1252 2985 1280 3019 is
1301 2985 1372 3020 this
1389 2998 1490 3020 same
1508 2987 1602 3020 form
1629 2988 1708 3021 that
1728 2988 1789 3022 the
1808 2999 1887 3022 new
1906 2988 2045 3023 edition
2070 2990 2111 3023 of

447 3042 508 3074 the
527 3042 687 3083 Vulgate
707 3043 977 3085 (XVordsworth
996 3044 1070 3076 and
1101 3043 1244 3086 white)
1262 3044 1408 3088 adopts,
1434 3056 1498 3088 eg.
1518 3057 1524 3079 ι
1551 3049 1586 3078 et
1600 3057 1672 3079 cccc
1684 3047 1868 3089 apparuit
1883 3047 1965 3080 illis
1991 3059 2106 3081 moses

446 3104 481 3132 ct
496 3099 622 3141 lassas,
655 3101 705 3133 M.
735 3100 816 3142 xvii,
838 3111 868 3143 3.
923 3101 1180 3144 Tischendorf,
1202 3102 1237 3135 in
1265 3114 1286 3136 a
1304 3109 1391 3136 note
1418 3114 1465 3136 on
1490 3113 1501 3136 1
1527 3102 1645 3147 Kings
1664 3103 1746 3145 xvii,
1773 3114 1801 3147 1,
1821 3116 1929 3147 says:
1959 3105 2101 3140 Helias.

448 3158 504 3189 Dc
522 3157 590 3190 lmc
606 3161 697 3190 certe
714 3158 993 3202 orthographia,
1013 3161 1105 3203 quin
1119 3161 1289 3204 ligitium
1306 3163 1342 3193 et
1357 3161 1475 3204 ipsius
1493 3161 1705 3204 inlenoretis
1721 3162 1780 3204 sit,
1799 3163 1944 3196 nullam
1963 3163 2105 3197 ctlcbita-

447 3216 583 3249 tionem
614 3215 791 3258 admittit,
815 3217 1052 3261 descmsstoms
1070 3219 1355 3261 persever-<mua
1379 3245 1387 3253 .
1415 3245 1423 3253 .
1450 3245 1457 3254 .
1488 3245 1495 3253 .
1524 3219 1780 3263 Hieronymus
1811 3221 1962 3255 omnino
1986 3223 2026 3255 in
2059 3223 2108 3255 iis
