2214 3556
374 257 389 288 1
402 241 464 298 98
871 238 950 286 De
975 237 1187 286 Excidio
1211 237 1528 285 Britanniae.

363 378 587 418 nationem.
651 376 897 418 Sacerdotes
918 389 999 415 non
1021 375 1254 415 dixerunt:
1286 373 1362 414 ubi
1377 379 1440 413 est
1454 371 1670 412 Dominus
1684 372 1710 411 P
1770 371 1833 411 Et
1847 377 2028 411 tenentes

362 447 493 499 legem
516 445 754 486 nescierunt
774 459 838 484 me
857 450 898 484 et
907 450 1102 496 pastores
1117 442 1412 495 praevaricati
1417 440 1428 464 ¹
1450 447 1554 481 sunt
1581 440 1626 480 in
1649 454 1722 480 me.
1797 440 2030 492 Propterea

363 515 504 554 adliuc
523 514 679 554 iudicio
700 512 947 554 contendam
970 511 1194 560 vobiscum,
1216 511 1282 550 ait
1302 510 1529 559 Dominus,
1560 516 1601 549 et
1634 523 1728 549 cum
1739 509 1857 562 filiis
1877 509 2032 549 vestris

84 593 142 622 [εν.
161 601 189 624 ν,
208 599 255 628 30.
275 599 321 628 31-
362 583 606 636 disceptabo,
670 583 782 622 Item
806 589 906 634 post
930 580 1185 633 aliquanta:
1221 579 1383 631 Stupor
1400 585 1441 618 et
1471 577 1692 618 mirabilia
1701 578 1829 629 facta
1853 584 1957 617 sunt
1985 578 2031 617 in

364 659 480 692 terra
495 666 510 692 .·
531 651 760 704 prophetae
770 649 1082 702 praedicabant
1101 647 1368 688 mendacium
1390 653 1431 686 et
1458 646 1689 686 sacerdotes
1719 645 2034 698 applaudebant
2069 661 2087 690 5

366 720 565 760 manibus
584 719 676 759 suis
697 725 737 759 et
747 718 934 770 populus
956 730 1072 756 meus
1092 715 1245 755 dilexit
1265 715 1384 754 talia.
1452 714 1576 765 Quid
1606 714 1747 766 igitur
1763 714 1848 767 fiet
1878 713 1924 753 in
1961 727 2030 753 no-

81 798 141 826 ler.
160 797 198 829 vi.
220 805 264 825 10.
365 788 559 829 vissimis
574 788 694 828 eius?
760 786 844 828 Cui
861 787 1016 838 loquar
1034 791 1074 825 et
1093 783 1360 833 contestabor,
1383 789 1432 823 ut
1451 783 1605 822 audiat
1621 783 1648 822 P
1693 796 1773 822 ecce
1807 781 2032 821 incircum-

364 858 473 898 cisae
493 871 620 897 aures
639 870 782 896 eorum
804 862 845 895 et
863 854 1016 894 audire
1037 868 1118 894 non
1131 859 1320 905 possunt.
1383 853 1487 892 Ecce
1521 851 1695 892 verbum
1732 850 1918 890 Domini
1933 851 2031 902 fac-

82 940 142 969 ler.
162 939 200 971 vi.
222 947 319 976 12-15.
366 934 457 968 tum
479 933 541 967 est
561 926 649 966 illis
670 925 715 965 in
737 923 1003 978 opprobrium
1025 929 1066 963 et
1086 937 1167 962 non
1195 921 1433 974 suscipiunt
1459 921 1600 961 illud:
1665 920 1780 971 Quia
1808 919 2031 959 extendam

367 1009 544 1036 manum
568 1007 704 1034 meam
725 999 854 1043 super
871 991 1113 1031 habitantes
1143 996 1315 1037 terram,
1347 989 1453 1029 dicit
1488 988 1715 1028 Dominus.
1788 987 1828 1027 A
1871 987 2034 1027 minore
2053 1008 2090 1027 10

366 1065 517 1117 quippe
533 1077 661 1115 usque
681 1061 744 1102 ad
760 1060 964 1101 maiorem
982 1073 1123 1099 omnes
1143 1057 1360 1098 avaritiae
1379 1058 1561 1107 student,
1578 1063 1619 1097 et
1638 1071 1664 1096 a
1678 1057 1883 1109 propheta
1905 1070 2034 1108 usque

366 1133 428 1172 ad
442 1131 695 1172 sacerdotem
717 1129 858 1169 cuncti
862 1128 1042 1180 faciunt
1060 1127 1214 1168 dolum.
1276 1126 1339 1166 Et
1358 1126 1567 1166 curabant
1593 1125 1884 1165 contritionem
1905 1125 2034 1178 filiae

356 1201 509 1254 populi
527 1200 612 1240 mei
629 1213 722 1238 cum
745 1196 984 1250 ignominia
1006 1196 1216 1235 dicentes:
1238 1202 1342 1247 pax,
1353 1201 1457 1246 pax,
1479 1200 1519 1234 et
1538 1208 1620 1233 non
1653 1193 1737 1233 erit
1759 1200 1862 1245 pax.
1929 1192 2032 1233 Con-

355 1269 462 1321 susi
478 1274 591 1317 sunt,
628 1267 707 1320 qui
730 1265 1085 1306 abominationem
1101 1265 1310 1316 fecerunt.
1391 1263 1506 1314 Quin
1525 1264 1673 1316 potius
1692 1262 1931 1314 confusione
1953 1276 2034 1302 non

367 1344 470 1378 sunt
489 1336 657 1389 confusi
689 1342 728 1375 et
761 1334 994 1375 erubescere
1028 1333 1273 1374 nescierunt.
1351 1332 1493 1382 Quam
1529 1332 1577 1372 ob
1613 1346 1701 1372 rem
1737 1331 1887 1371 cadent
1925 1331 2038 1371 inter
2056 1346 2091 1376 15

368 1412 544 1455 ruentes,
568 1405 613 1445 in
642 1411 822 1456 tempore
843 1403 1108 1443 visitationis
1137 1416 1280 1442 eorum
1311 1408 1515 1451 corruent,
1552 1401 1658 1441 dicit
1687 1401 1913 1441 Dominus.
1976 1401 2036 1440 Et

83 1489 144 1517 [εν.
164 1488 202 1521 vi,
217 1489 316 1525 28-30.
369 1476 554 1515 iterum:
591 1473 749 1514 Omnes
770 1472 847 1512 isti
854 1472 1071 1524 principes
1101 1470 1408 1511 declinantium
1440 1470 1709 1510 ambulantes
1725 1469 2040 1520 fraudulenter

367 1558 437 1584 aes
467 1550 507 1583 et
531 1544 700 1593 ferrum
735 1540 931 1581 universi
961 1541 1152 1592 corrupti
1177 1546 1289 1588 sunt,
1320 1539 1471 1590 defecit
1508 1539 1799 1592 sufflatorium
1842 1538 1887 1578 in
1929 1537 2036 1590 igne,

354 1613 536 1663 frustra
563 1610 765 1663 conflavit
783 1608 994 1662 conflator,
1018 1608 1211 1647 malitiae
1231 1614 1372 1647 autem
1401 1621 1544 1646 eorum
1577 1621 1658 1646 non
1688 1613 1792 1646 sunt
1819 1612 2035 1657 consump-

367 1687 443 1727 tae,
466 1685 691 1731 a7gcntum
715 1677 934 1729 reprobum
956 1683 1097 1716 vocate
1131 1690 1207 1724 eos,
1239 1676 1343 1728 quia
1365 1676 1583 1715 Dominus
1608 1675 1788 1728 proiecit
1808 1675 1912 1715 illos.
1976 1675 2036 1715 Et
2055 1691 2094 1710 20

86 1761 144 1788 [εν.
165 1760 214 1793 vii,
236 1767 333 1797 11-15.
369 1755 470 1802 post
493 1761 657 1800 pauca:
690 1746 784 1798 Ego
814 1760 922 1793 sum,
953 1759 1024 1797 ego
1054 1759 1162 1793 sum,
1195 1759 1266 1797 ego
1302 1745 1406 1794 vidi,
1440 1744 1546 1784 dicit
1580 1744 1804 1785 Dominus.
1881 1745 1946 1784 Ite
1979 1744 2042 1783 ad

368 1818 501 1858 locum
520 1830 659 1856 meum
682 1816 727 1855 in
752 1815 857 1863 Silo,
879 1814 955 1854 ubi
973 1813 1190 1853 habitavit
1211 1828 1360 1853 nomen
1383 1827 1520 1853 meum
1544 1827 1571 1852 a
1583 1813 1809 1866 principio,
1831 1820 1872 1853 et
1900 1813 2039 1853 videte

367 1900 473 1939 quae
483 1885 661 1937 fi'cerim
684 1884 726 1923 ei
734 1890 911 1936 propter
942 1883 1157 1922 malitiam
1180 1883 1334 1934 populi
1367 1883 1452 1922 mei
1482 1882 1629 1922 Israel.
1691 1883 1754 1922 Et
1789 1897 1901 1922 nunc
1934 1882 2038 1935 quia

355 1954 525 2006 siz-istis
546 1953 690 1993 omnia
712 1959 834 2004 opera
855 1951 963 2001 llaec,
987 1951 1092 1990 dicit
1110 1951 1357 1992 Dominus:
1388 1958 1429 1991 et
1447 1951 1608 1990 locutus
1627 1965 1724 1991 sum
1742 1951 1804 1990 ad
1820 1965 1892 1990 vos
1914 1965 2039 1990 mane

367 2035 620 2074 consurgens
640 2028 681 2061 et
699 2022 869 2073 loquens
889 2027 930 2060 et
950 2034 1031 2060 non
1053 2020 1251 2069 audistis,
1268 2027 1309 2060 et
1328 2021 1478 2060 vocavi
1496 2035 1569 2060 vos
1589 2027 1630 2060 et
1649 2035 1730 2060 non
1753 2020 2038 2072 respondistis,
2056 2030 2094 2058 25

367 2093 530 2140 faciam
547 2091 698 2131 domui
716 2090 823 2139 liuic,
847 2090 891 2129 in
915 2104 1000 2142 qua
1031 2089 1274 2129 invocatum
1296 2096 1358 2130 est
1379 2104 1527 2130 nomen
1550 2103 1690 2130 meum
1712 2096 1753 2129 et
1773 2090 1818 2129 in
1850 2104 1935 2142 qua
1967 2104 2040 2130 vos

369 2161 532 2202 liabetis
542 2161 768 2214 fiduciam,
799 2167 839 2199 et
869 2160 961 2208 loco,
993 2173 1113 2211 quem
1145 2159 1247 2198 dedi
1277 2159 1395 2198 vobis
1426 2165 1467 2198 et
1491 2158 1696 2211 patribus
1731 2159 1895 2206 vestris,
1931 2159 2041 2198 sicut

87 2243 145 2271 [εν.
166 2252 194 2275 x,
210 2252 256 2275 20,
276 2251 322 2272 21.
359 2230 454 2283 feci
475 2230 569 2270 Silo
590 2236 630 2269 et
641 2228 854 2280 proiciam
877 2241 949 2267 vos
970 2241 997 2266 a
1007 2227 1128 2278 facie
1150 2242 1251 2267 mea.
1316 2228 1374 2267 Et
1397 2227 1555 2267 iterum
1574 2243 1582 2267 ς
1614 2227 1729 2266 Filii
1747 2227 1834 2267 mei
1845 2227 2042 2266 exierunt
2059 2230 2086 2274 8
2101 2244 2113 2273 1

371 2314 398 2339 a
420 2314 484 2339 me
504 2305 545 2338 et
565 2312 645 2338 non
667 2297 916 2345 subsistunt,
939 2303 979 2336 et
999 2310 1080 2336 non
1102 2302 1165 2335 est
1184 2296 1264 2349 qui
1280 2295 1479 2336 extendat
1499 2296 1616 2335 ultra
1639 2295 1866 2335 tentorium
1899 2309 2038 2335 meum

371 2372 411 2405 et
430 2365 571 2417 erigat
583 2365 713 2415 pelles
735 2376 860 2412 meas,
882 2362 986 2415 quia
1016 2362 1144 2402 stulte
1178 2368 1355 2414 egerunt
1379 2368 1576 2414 pastores
1607 2368 1649 2401 et
1682 2361 1920 2401 Dominum
1957 2375 2039 2400 non
2059 2386 2097 2414 30

372 2435 655 2488 quaesierunt.
717 2433 948 2484 Propterea
985 2446 1065 2471 non
1103 2432 1401 2472 intellexerunt
1439 2438 1480 2471 et
1505 2445 1618 2484 grex
1647 2445 1790 2471 eorum
1827 2432 2042 2484 dispersus

92 2516 149 2544 lm:
170 2516 208 2547 xi,
230 2524 273 2552 15,
297 2515 340 2544 16.
372 2511 441 2544 est.
505 2504 564 2543 Et
591 2509 688 2555 post
710 2502 962 2554 aliquanta:
999 2501 1122 2551 Quid
1136 2507 1199 2541 est
1218 2501 1334 2554 quod
1350 2501 1526 2540 dilectus
1558 2514 1675 2540 meus
1711 2500 1756 2540 in
1791 2499 1912 2540 domo
1948 2514 2041 2540 mea

371 2574 481 2621 facit
499 2572 653 2612 scelera
675 2571 814 2610 multa
829 2571 855 2610 P
916 2570 1153 2623 Numquid
1168 2584 1315 2610 carnes
1329 2576 1500 2609 sanctae
1520 2570 1719 2620 auferent
1737 2583 1764 2608 a
1786 2575 1824 2608 tc
1849 2568 2042 2608 malitias

375 2649 483 2691 tuas,
506 2641 550 2680 in
573 2641 726 2693 quibus
744 2639 938 2692 gloriata
959 2653 1001 2679 es
1019 2641 1044 2680 P
1107 2639 1281 2680 Olivam
1314 2638 1487 2678 ziberam
1512 2637 1738 2690 pulclzram
1758 2638 2041 2688 fructiferam

374 2708 598 2759 speciosam
622 2706 788 2746 vocavit
809 2705 1025 2745 Dominus
1047 2719 1195 2745 nomen
1218 2711 1350 2744 tuum.
1412 2703 1494 2743 Ad
1509 2717 1644 2743 vocem
1661 2703 1847 2756 loquelae
1855 2703 2044 2755 grandis
2061 2718 2098 2746 35

95 2788 153 2815 [εν.
175 2787 224 2819 xii,
242 2796 269 2823 9,
293 2796 334 2814 10.
376 2773 538 2812 exarsit
559 2772 674 2824 ignis
695 2773 741 2811 in
762 2785 811 2810 ea
832 2777 872 2810 et
892 2770 1107 2810 combusta
1127 2776 1230 2810 sunt
1247 2771 1423 2821 fruteta
1453 2769 1553 2809 eius.
1617 2769 1675 2808 Et
1708 2770 1864 2808 iterum
1886 2785 1893 2808 :
1968 2769 2007 2809 V
2004 2783 2042 2808 e-

378 2842 476 2890 nite,
497 2840 825 2893 congrcgamini,
857 2853 999 2879 omnes
1031 2839 1186 2878 bestiae
1221 2845 1368 2887 terrae,
1393 2843 1618 2890 properate
1649 2837 1712 2876 ad
1739 2837 2042 2878 devorandum.

378 2911 579 2949 Pastorcs
602 2909 732 2948 multi
755 2907 949 2948 demoliti
972 2913 1076 2947 sunt
1107 2906 1277 2946 vineam
1315 2920 1464 2954 nicam,
1499 2906 1846 2945 conculcaverunt
1869 2912 2043 2958 partem

382 2993 529 3027 meam,
552 2978 759 3017 dederunt
768 2977 1008 3028 portionem
1028 2989 1165 3015 meam
1188 2974 1508 3014 desiderabilem
1532 2974 1576 3013 in
1607 2974 1819 3014 desertum
1850 2974 2043 3014 solitudi-

98 3060 157 3088 [αν.
178 3060 236 3091 xiv,
259 3069 292 3087 10
381 3048 458 3087 nis.
526 3048 726 3098 Itemque
751 3046 942 3098 loquitur
959 3061 966 3085 :
1000 3045 1122 3084 Haec
1139 3044 1245 3084 dicit
1265 3044 1481 3083 Dominus
1493 3043 1648 3095 populo
1667 3043 1777 3092 lcuic,
1799 3043 1878 3096 qui
1895 3043 2047 3083 dilexit
2062 3057 2100 3084 40

454 3159 463 3179 ¹
493 3160 551 3192 On
565 3159 832 3202 pmvam'cari
847 3169 888 3191 as
911 3157 1066 3191 Biblical
1088 3158 1195 3191 Latin
1212 3158 1267 3190 sor
1287 3156 1529 3200 παραβαίνειν,
1549 3168 1611 3190 see
1630 3168 1660 3190 c.
1685 3166 1710 3190 ῐ.
1750 3156 1902 3190 Instead
1921 3157 1963 3190 of
1974 3157 2047 3190 erit

384 3207 419 3240 (l.
447 3206 499 3248 13)
519 3205 594 3238 {md
613 3205 880 3238 dcclinantimn
904 3205 937 3246 (l.
965 3204 1018 3246 17)
1038 3205 1100 3238 the
1119 3203 1295 3247 ordinary
1314 3203 1475 3247 Vulgate
1496 3203 1603 3237 reads
1621 3207 1712 3245 erat,
1731 3203 1964 3237 declinantes.
