2214 3556
357 236 450 280 204
853 223 934 270 De
958 224 1168 272 Excidio
1194 226 1507 273 Britanniae.

353 352 437 394 etsi
463 353 700 396 obtuleritis
731 355 1104 398 liolocaustomatal
1135 365 1176 399 et
1205 358 1366 399 lzostias
1397 365 1571 408 vestras,
1605 373 1685 399 non
1717 359 1918 412 accipiam
1952 375 2009 401 ea.

353 422 416 464 Et
434 424 626 464 salutare
647 424 946 466 declarationis
967 426 1148 467 vestrae2
1170 442 1251 467 non
1279 427 1495 479 aspiciam,
1518 429 1712 479 transfer
1729 443 1756 468 a
1777 443 1842 468 me
1861 443 2010 469 sonum

351 492 595 533 cantionum
636 500 824 543 tuarum,
856 501 897 534 et
916 496 1137 547 psalmum
1174 496 1450 548 organorum3
1485 503 1656 536 tuorum
1698 512 1779 537 non
1820 498 2009 538 audiam.

355 561 504 601 Famis
536 563 699 602 etenim
732 563 972 616 evangelici
1005 564 1101 613 cibi,
1124 565 1271 604 culina
1304 565 1416 618 ipsa4
1437 571 1608 605 vestrae
1640 566 1814 607 animae
1845 567 2011 607 viscera

353 630 650 670 excomedens
682 637 906 683 grassatur
937 632 979 671 in
1004 632 1141 682 vobis,
1164 633 1276 674 sicut
1308 647 1441 686 supra
1463 634 1607 674 dictus
1639 635 1856 687 propheta
1888 649 2009 688 prae·
2050 653 2066 682 5

65 699 164 729 Amos
177 701 237 735 viii,
257 711 303 732 11-
351 699 478 739 dixit.
540 699 654 747 Ecce,
696 701 909 752 inquienS,
952 700 1041 740 dies
1081 701 1269 750 veniunt,
1310 701 1415 741 dicit
1454 701 1671 742 Dominus
1710 709 1751 742 et
1789 703 2009 744 inmittam

335 767 508 818 famem
531 767 576 807 in
599 774 771 817 terram,
795 782 876 808 non
885 769 1057 820 famem
1071 769 1206 821 panis
1227 783 1357 822 neque
1377 769 1498 810 sitim
1521 784 1668 823 aquae,
1689 771 1768 810 sed
1770 772 1941 822 famem
1964 773 2009 812 in

348 835 560 875 audiendo
581 836 755 876 verbum
778 836 867 876 Dei
895 843 935 877 et
962 837 1245 878 movebuntur
1262 852 1399 890 aquae
1419 853 1446 878 a
1468 838 1587 878 mari
1605 853 1735 891 usque
1755 840 1818 879 ad
1834 854 1952 880 mare
1972 847 2012 881 et

346 903 399 943 ab
419 903 616 956 aquilone
635 918 767 957 usque
786 905 848 945 ad
864 905 1077 953 orientem,
1089 912 1344 958 percurrent
1363 913 1609 960 quaerentes
1630 908 1802 948 verbum
1817 908 2009 959 Domini,

346 979 387 1013 et
406 987 488 1013 non
511 973 736 1014 invenient.
2029 992 2066 1013 10

433 1041 630 1082 Auribus
661 1055 839 1095 quoque
871 1043 1084 1096 percipite
1117 1050 1321 1084 sanctum
1360 1044 1583 1084 Michearn
1617 1059 1667 1085 ac
1703 1046 1737 1085 si
1771 1046 2007 1088 caelestem
2030 1041 2090 1085 86

345 1110 570 1162 quandam
612 1110 766 1151 tubam
810 1112 1019 1152 adversus
1061 1112 1272 1153 subdolos
1315 1113 1466 1166 populi
1511 1114 1730 1167 principes
1774 1116 2009 1156 concisius5

60 1179 163 1209 Mich.
183 1180 224 1215 iii,
245 1190 326 1212 1-12·
345 1185 656 1231 personantem
679 1195 686 1220 :
719 1180 884 1220 Audite
905 1195 1026 1230 nunc,
1049 1181 1263 1234 inquiens,
1283 1182 1499 1234 principes
1519 1182 1670 1222 domus
1691 1183 1813 1224 Iacob
1828 1200 1842 1225 .·
1875 1199 2009 1226 nonne

343 1246 460 1286 vobis
494 1253 565 1298 est,
598 1255 648 1288 ut
678 1249 933 1301 cognoscatis
973 1249 1181 1290 iudicium
1218 1250 1457 1290 odientibus
1485 1250 1593 1291 bona
1628 1258 1670 1291 et
1707 1253 2009 1304 quaerentibus

343 1316 549 1369 maligna,
572 1317 836 1369 rapientibus
851 1319 980 1370 pelles
1000 1333 1143 1359 eorum
1177 1319 1229 1359 ab
1262 1320 1322 1359 eis
1358 1326 1399 1359 et
1424 1334 1571 1360 carnes
1591 1335 1734 1361 eorum
1767 1321 1819 1362 ab
1844 1323 2006 1363 ossibus
2028 1335 2063 1364 15

341 1399 484 1425 eornm
503 1387 529 1426 P
579 1385 949 1436 Quemadmodum
990 1388 1260 1428 comederunt
1297 1403 1445 1429 carnes
1481 1389 1621 1441 plebis
1661 1404 1777 1430 meae
1811 1397 1851 1431 et
1873 1392 2008 1444 pelles

339 1467 483 1494 eorum
514 1453 567 1494 ab
594 1455 654 1495 eis
681 1455 1013 1505 excoriaverunt,
1035 1471 1130 1496 ossa
1160 1471 1303 1497 eorum
1332 1458 1629 1510 confregerunt
1660 1465 1701 1498 et
1728 1459 2009 1500 laniaverunt

338 1523 467 1575 quasi
493 1538 640 1564 carnes
661 1524 706 1564 in
727 1525 811 1564 olla
826 1526 853 1565 P
887 1525 1221 1566 Succlamabunt
1250 1526 1314 1566 ad
1328 1526 1470 1566 Deum
1493 1533 1534 1566 et
1553 1541 1634 1567 non
1666 1528 1863 1568 exaudiet
1882 1543 1948 1568 eos
1967 1535 2009 1569 et

337 1598 502 1632 avertet
521 1593 685 1644 faciem
719 1607 843 1633 suam
877 1594 930 1634 ab
962 1594 1022 1634 eis
1057 1595 1102 1634 in
1135 1595 1206 1634 illo
1236 1601 1426 1647 tempore,
1450 1602 1629 1648 propter
1651 1597 1768 1648 quod
1794 1597 2005 1638 malitiose

331 1668 558 1712 gesserunt
584 1662 629 1701 in
652 1662 1044 1703 adinventionibus6
1070 1663 1163 1703 suis
1194 1670 1322 1715 super
1342 1663 1461 1715 ipsos.
1523 1664 1644 1704 Haec
1664 1664 1771 1704 dicit
1789 1665 2006 1706 Dominus
2023 1683 2062 1701 20

335 1730 713 1782 superproplietas‚
735 1731 813 1784 qui
843 1731 1049 1771 seducunt
1069 1732 1278 1784 populum
1313 1746 1464 1781 meum,
1486 1732 1564 1785 qui
1597 1733 1790 1772 mordent
1810 1733 2005 1774 dentibus

336 1797 429 1838 suis
449 1804 489 1838 et
498 1799 757 1851 praedicant
776 1799 820 1839 in
843 1813 937 1839 eum
954 1806 1111 1852 pacem,
1129 1806 1169 1840 et
1190 1814 1271 1839 non
1294 1807 1355 1840 est
1376 1800 1480 1840 data
1503 1800 1547 1840 in
1570 1815 1614 1840 os
1626 1815 1768 1841 eorum
1778 1817 1792 1842 .·
1824 1802 2009 1842 excitavi

338 1866 383 1906 in
404 1881 499 1907 eum
522 1867 686 1909 bellum.
745 1868 978 1920 Propterea
1011 1883 1094 1908 nox
1112 1869 1196 1908 erit
1215 1868 1334 1908 vobis
1363 1883 1415 1908 ex
1434 1869 1596 1909 visione
1616 1876 1657 1909 et
1677 1870 1868 1910 tenebrae
1889 1872 2006 1911 vobis

336 1941 464 1975 erunt
482 1949 533 1975 ex
551 1936 817 1976 divinatione
844 1943 884 1976 et
918 1937 1070 1976 occidet
1094 1937 1161 1976 sol
1186 1943 1315 1989 super
1333 1937 1566 1989 prophetas
1592 1944 1633 1978 et
1663 1939 2003 1980 contenebrescet7

335 2011 463 2056 super
480 2019 546 2044 eos
561 2005 674 2052 dies,·
696 2011 737 2044 ct
755 2006 1072 2057 confundentur
1091 2006 1281 2046 videntes
1300 2007 1468 2046 somnia
1488 2013 1529 2046 et
1541 2007 1849 2047 deridebuntur
1862 2009 2008 2049 divini
2022 2029 2038 2047 2
2043 2028 2058 2056 5

335 2079 376 2113 et
405 2074 691 2114 obtrectabunt
719 2074 928 2114 adversus
958 2089 1100 2115 omnes
1131 2075 1224 2127 ipsi,
1247 2075 1450 2128 quoniam
1484 2090 1565 2116 non
1587 2075 1679 2125 erit,
1702 2077 1780 2129 qui
1798 2078 2004 2118 exandiat

334 2155 409 2191 eos,
430 2142 473 2182 si
491 2157 571 2182 non
593 2157 664 2196 ego
687 2143 929 2196 implevero8
939 2144 1251 2195 fortitudinem
1275 2145 1320 2184 in
1341 2145 1498 2197 spiritu
1522 2145 1707 2186 Domini
1728 2153 1769 2186 et
1789 2147 1944 2187 iudicio
1965 2155 2005 2188 et

323 2217 542 2262 potestate,
593 2218 642 2251 ut
680 2212 931 2253 annuntiem
981 2213 1130 2253 domui
1168 2213 1289 2253 Iacob
1331 2213 1569 2266 impietates
1617 2229 1720 2255 suas
1769 2222 1809 2256 et
1864 2216 2008 2257 Israel

323 2286 495 2331 peccata
533 2295 624 2322 sua.
699 2281 865 2322 Audite
904 2281 1006 2322 llaec
1044 2282 1197 2335 itaque,
1238 2283 1361 2323 duces
1401 2283 1551 2323 domus
1592 2284 1724 2333 Iacob,
1761 2292 1800 2325 et
1841 2286 2006 2326 residui

333 2349 484 2389 domus
503 2349 652 2399 Israel,
674 2350 752 2403 qui
779 2350 1095 2390 abominamini
1123 2351 1330 2391 iudicium
1359 2358 1399 2391 et
1424 2352 1569 2392 omnia
1598 2359 1709 2392 recta
1732 2354 1999 2405 pervertitis,
2019 2374 2058 2401 30

333 2418 412 2470 qui
452 2419 689 2473 aedificatis
732 2419 838 2460 Sion
874 2419 918 2459 in
952 2419 1164 2471 sanguine
1195 2426 1236 2460 et
1270 2420 1546 2461 Isierusalem
1580 2421 1625 2461 in
1663 2421 2000 2475 iniquitatibus:

403 2623 415 2645 ¹
440 2625 771 2659 Holocaustomata
790 2641 821 2653 =
840 2627 1120 2671 ὁλοκαυτώματα.

402 2693 416 2714 2
441 2695 620 2729 Salutare
648 2695 912 2730 declarationis
938 2700 1093 2730 vestrae.
1144 2695 1267 2740 Again
1292 2696 1354 2730 the
1378 2695 1497 2730 litera]
1521 2696 1577 2730 for
1599 2697 1768 2742 σωτηρίου
1792 2698 1999 2744 ἐπιφανείας

333 2751 438 2795 ὑμῶν,
457 2751 575 2786 which
595 2752 624 2786 is
643 2753 705 2787 the
724 2753 880 2797 reading
898 2754 940 2787 of
954 2754 1082 2788 Codex
1100 2754 1204 2788 Alex.
1226 2753 1302 2797 (A.)

402 2819 415 2841 3
440 2821 636 2855 Psalmnm
663 2832 902 2865 organorum.
973 2823 985 2856 I
1015 2823 1110 2856 have
1135 2822 1298 2866 adopted
1326 2821 1399 2856 this
1426 2821 1582 2866 reading
1608 2822 1644 2856 in
1671 2832 1886 2867 agreement
1912 2826 1998 2861 with

333 2878 396 2911 the
416 2878 521 2912 LXX
539 2878 685 2923 ψαλμὸν
705 2878 866 2924 ὀργάνων
886 2894 963 2924 σου,
983 2880 1058 2915 and
1076 2881 1237 2915 because
1257 2884 1406 2914 tuorum
1435 2891 1556 2915 seems
1580 2887 1618 2915 to
1637 2881 1801 2916 demand
1822 2882 1859 2918 it.
1905 2885 1936 2919 It
1956 2885 1996 2928 is,

332 2946 534 2979 moreover‚
554 2937 616 2971 the
634 2936 790 2982 reading
807 2938 848 2972 of
861 2939 905 2972 A.

401 3004 415 3026 ⁴²
443 3005 580 3039 Cutina
605 3007 697 3049 ipsa.
747 3006 840 3040 This
866 3007 1001 3051 phrase
1027 3006 1131 3051 gives
1158 3007 1258 3051 good
1285 3018 1393 3041 sense
1421 3005 1449 3040 if
1470 3007 1582 3041 taken
1607 3019 1648 3041 as
1675 3006 1710 3041 in
1729 3009 1940 3054 apposition
1959 3018 1997 3046 to

322 3062 448 3107 fizmes
462 3075 475 3097 .·
500 3063 562 3097 the
576 3074 663 3107 very
675 3063 761 3098 food
781 3064 899 3099 which
919 3065 1017 3109 they,
1034 3064 1069 3098 in
1085 3064 1227 3099 wicked
1245 3065 1435 3108 thoughts,
1456 3075 1644 3108 consume,
1665 3065 1694 3100 is
1714 3066 1816 3101 itself
1830 3068 1995 3112 spiritual

332 3120 485 3164 hungen

399 3187 413 3208 ⁶
441 3189 637 3223 Concissns.
701 3191 746 3224 D.
778 3191 887 3225 reads
917 3192 1106 3234 consinus,
1139 3191 1182 3224 A.
1203 3191 1396 3235 fidntz'u53
1423 3191 1594 3236 perhaps,
1621 3203 1662 3226 as
1692 3192 1822 3228 Gildas
1856 3202 1986 3239 quotes
