2214 3556
372 249 465 293 226
869 247 949 296 De
973 249 1182 298 Excidio
1206 249 1521 298 Britanniae.

363 384 474 425 enim
510 385 694 426 Domini
727 386 961 427 declarabit
995 387 1115 437 illud,
1143 387 1258 440 quia,
1295 387 1340 428 in
1378 387 1474 440 igne
1515 387 1776 427 revelabitur
1807 394 1849 427 et
1876 389 2025 428 unius-

361 454 562 506 cuiusque
601 461 702 506 opm
731 455 854 506 quale
884 455 953 503 sit,
996 455 1111 507 ignis
1132 455 1342 507 probabit.
1421 455 1457 496 S
1460 455 1479 494 i
1515 454 1636 494 cuius
1671 462 1773 507 opus
1805 457 2025 505 manserit,

362 523 439 574 qui
473 523 899 576 szsperaedificaverit,
937 523 1162 563 mercedem
1197 523 1377 576 accipiet.
1460 524 1496 564 S
1499 524 1519 563 i
1554 523 1675 563 cuius
1713 531 1816 576 opus
1855 525 2024 574 arserit,

361 590 662 631 detrimentum
684 591 892 643 patietur.
953 592 1151 640 Nescitis,
1187 592 1291 644 quia
1327 592 1529 644 templum
1562 591 1650 632 Dei
1666 592 1767 631 estis
1786 598 1828 632 et
1845 592 2024 644 spiritus

362 658 450 698 Dei
480 658 651 698 habitat
691 659 736 699 in
773 659 889 699 vobis
911 660 937 700 P
1002 660 1038 700 S
1042 659 1062 699 i
1098 660 1194 712 quis
1233 667 1375 700 autem
1418 660 1618 712 templum
1660 660 1748 700 Dei
1785 661 2023 710 violaverit,
2060 678 2078 707 5

82 737 338 777 1Cur.iii,18,19.
359 728 573 780 disperdet
591 728 714 768 illum
738 729 866 769 Deus.
930 730 988 769 Et
1012 730 1167 769 iterum
1192 745 1199 770 :
1243 729 1413 783 Siquis
1434 730 1608 770 videtur
1625 731 1746 782 apud
1761 744 1834 771 vos
1854 731 2024 783 sapiens

358 812 443 837 esse
464 797 509 837 in
540 797 615 837 lzoc
642 798 814 847 saeculo,
834 799 994 838 stultns
1003 799 1103 851 fiat,
1126 805 1176 838 ut
1193 798 1252 839 sit
1270 798 1446 855 sapiens.
1511 798 1738 850 Sapientia
1760 799 1872 839 enim
1894 799 2025 840 liuius

81 867 178 896 1C0r.
197 877 224 901 v,
243 869 270 901 6·
289 878 316 904 7-
360 864 516 903 mundi
547 864 738 904 stultitia
774 870 836 903 est
867 865 987 916 apud
1017 865 1171 905 Deum.
1250 865 1309 905 Et
1343 871 1444 917 post
1481 864 1733 917 aliquanta:
1776 865 1878 905 Non
1915 865 2022 906 bona

349 932 557 984 gloriatio
578 939 731 972 vestra.
792 933 991 982 Nescitis,
1013 933 1117 986 quia
1148 933 1359 973 modicum
1383 934 1653 985 fermentum
1676 940 1808 974 totam
1831 949 2020 975 massam

356 1001 629 1052 corrumpit?
669 1000 921 1053 Expurgate
956 1001 1097 1052 igitur
1126 1007 1247 1040 vetus
1272 1002 1555 1052 fermentum,
1577 1006 1626 1040 ut
1658 1002 1757 1042 sitis
1789 1017 1899 1042 nova
1928 1017 2019 1043 con-
2038 1014 2076 1035 10

355 1068 521 1120 spersio.
566 1068 806 1121 Quomodo
829 1069 1152 1121 expurgabitur
1173 1076 1298 1109 vetus
1322 1069 1601 1120 fermentum,
1620 1071 1661 1111 id
1685 1077 1752 1111 est
1775 1078 2019 1123 peccatum,

357 1137 475 1190 quod
499 1152 523 1177 a
545 1137 700 1178 diebus
739 1139 781 1177 in
816 1137 909 1177 dies
946 1139 1116 1178 cunetis
1150 1138 1380 1178 conatibus
1419 1139 1698 1180 cumulatur?
1744 1140 1802 1179 Et
1837 1141 2018 1180 iterum:

77 1215 179 1244 lcor.
196 1225 223 1249 v,
242 1225 321 1252 9-11-
359 1207 527 1259 Scripsi
556 1207 673 1247 vobis
705 1207 751 1246 in
783 1207 968 1259 epistola,
991 1221 1041 1247 ne
1074 1207 1435 1248 commisceamini
1455 1208 1726 1258 fornicariis,
1759 1223 1840 1248 non
1874 1208 2020 1261 utique

343 1276 606 1327 fornicariis
627 1275 758 1315 liuius
780 1276 939 1316 mundi
955 1283 1034 1316 aut
1054 1276 1207 1316 avaris
1226 1283 1306 1317 aut
1318 1276 1542 1328 rapacibus
1558 1284 1637 1317 aut
1650 1278 1776 1317 idolis
1795 1278 2017 1330 servienti-

356 1345 460 1385 bus:
491 1344 684 1397 alioquin
705 1344 948 1385 debueratis
978 1345 1028 1385 de
1061 1345 1136 1385 lioc
1166 1345 1325 1385 mundo
1360 1345 1484 1386 exire.
1546 1346 1678 1386 Nunc
1703 1352 1846 1386 autem
1867 1346 2021 1398 scripsi
2036 1354 2072 1383 15

356 1413 472 1453 vobis
494 1428 575 1453 non
596 1413 865 1460 commisceri,
886 1413 929 1453 si
955 1413 1053 1466 quis
1085 1413 1340 1454 nominatur
1354 1414 1509 1465 frater
1526 1421 1568 1455 et
1586 1421 1648 1455 est
1663 1415 1914 1466 fornicator
1941 1421 2020 1455 aut

354 1496 517 1521 avarus
537 1488 615 1521 aut
635 1482 761 1522 idolis
780 1482 970 1522 serviens
991 1489 1069 1522 aut
1090 1482 1321 1523 maledicus
1341 1489 1421 1522 aut
1439 1483 1630 1524 ebriosus
1651 1491 1731 1524 aut
1751 1491 1900 1536 rapax,
1922 1498 2016 1524 cum

355 1550 607 1590 huiusmodi
640 1564 711 1590 nec
736 1549 873 1590 cibum
910 1550 1080 1603 quidem
1116 1564 1291 1591 sumere.
1355 1551 1443 1592 Sed
1471 1551 1582 1591 latro
1616 1565 1898 1605 nequaquam
1937 1567 2017 1605 pro

357 1619 471 1660 furto
492 1619 560 1660 vel
598 1619 827 1660 latrocinio
860 1619 998 1659 furem
1029 1619 1164 1660 alium
1197 1620 1392 1669 damnat,
1414 1633 1545 1673 quem
1578 1621 1725 1674 potius
1747 1627 1853 1674 opat
1875 1627 2018 1662 tueter

355 1695 476 1728 amat
498 1695 653 1741 utpote
675 1689 740 1729 sui
764 1689 939 1729 sceleris
962 1695 1224 1730 consortem.
2034 1701 2072 1720 20

74 1761 103 1789 ΙΙ
123 1762 190 1790 Cor·
211 1761 334 1795 iv‚1.2·
444 1759 557 1798 Item
582 1758 623 1797 in
648 1757 837 1810 epistola
869 1758 923 1798 ad
957 1757 1210 1798 Corinthios
1243 1758 1436 1798 secunda
1457 1774 1464 1799 :
1510 1758 1620 1808 Ideo,
1644 1759 1796 1812 inquit,
1817 1759 2015 1800 babentes
2040 1764 2123 1795 IOI

353 1827 465 1866 lianc
492 1825 925 1876 administrationem,
957 1827 1080 1866 iuxta
1110 1827 1226 1879 quod
1252 1826 1588 1867 misericordiam
1619 1828 1828 1868 consecuti
1853 1843 2014 1879 sumus,

355 1908 436 1934 non
459 1894 706 1947 deficiamus
721 1909 735 1933 .·
765 1894 844 1933 sed
869 1894 1107 1934 abiciamus
1137 1895 1293 1934 occulta
1324 1895 1534 1935 dedecoris
1565 1909 1647 1935 non
1678 1896 1948 1936 ambulantes
1969 1898 2013 1937 in

355 1964 520 2004 astutia
562 1977 690 2015 neque
730 1963 1023 2003 adulterantes
1070 1963 1245 2003 verbum
1287 1963 1384 2014 Dei,
1424 1978 1502 2017 per
1544 1964 1710 2004 malum
1754 1966 2012 2018 exemplum

351 2032 516 2072 seilicet
538 2038 582 2071 et
604 2045 680 2084 per
702 2031 1014 2072 adulationem.
1080 2033 1130 2072 In
1155 2032 1526 2084 subsequentibus
1549 2040 1697 2073 autem
1721 2034 1783 2073 ita
1806 2034 1860 2074 de
1884 2035 2010 2075 malis
2032 2044 2068 2072 25

74 2097 183 2172 ¹¹1⁴‘33‘fi'1r
181 2096 244 2172 ξύν
352 2101 605 2141 doctoribus
629 2102 734 2141 dicit
753 2117 760 2141 :
792 2101 912 2141 Nam
935 2101 1498 2153 eiusmodipseudoapostoli
1523 2108 1626 2141 sunt
1644 2103 1834 2154 operarii
1849 2104 2018 2144 subdoli

352 2171 716 2223 transfigurantes
736 2184 778 2210 se
800 2170 845 2209 in
879 2171 1084 2222 apostolos
1109 2169 1283 2211 Christi.
1344 2170 1407 2210 Et
1443 2185 1523 2210 non
1560 2171 1751 2212 mirum:
1783 2172 1868 2224 ipse
1899 2174 2012 2213 enim

353 2240 547 2279 Satanas
569 2239 857 2292 transfigurat
875 2253 917 2279 se
939 2239 984 2279 in
1006 2239 1206 2291 angelum
1229 2239 1346 2280 lucis.
1425 2239 1478 2279 N
1476 2254 1527 2279 on
1549 2246 1612 2280 est
1633 2254 1839 2293 magnum
1863 2241 2012 2294 igitur,

349 2309 390 2349 si
411 2308 608 2348 ministri
624 2308 715 2348 eius
735 2309 1106 2362 tranfigurentur
1125 2315 1174 2348 ut
1193 2308 1340 2361 angeli
1357 2308 1559 2358 iustitiae,
1581 2323 1762 2362 quorum
1786 2311 1901 2363 finis
1930 2312 2015 2352 erit

348 2379 576 2418 secundum
598 2384 720 2429 opera
741 2391 894 2417 eorum.
2029 2394 2067 2423 30

412 2447 643 2487 Attendite
666 2460 853 2499 quoque,
875 2447 980 2499 quid
1005 2447 1059 2486 ad
1095 2446 1313 2498 Ephesios
1346 2447 1475 2486 dicat.
1540 2446 1611 2486 An
1636 2448 1812 2488 nescitis
1836 2462 1913 2488 vos
1932 2463 2011 2501 pro
2037 2450 2124 2483 102

71 2519 233 2555 liskes-iv.
351 2516 432 2555 hoc
475 2516 516 2554 in
556 2515 702 2568 aliquo
744 2529 839 2555 reos
882 2516 1054 2555 teneri?
1116 2516 1219 2565 Hoc,
1262 2516 1475 2568 inquiens,
1517 2515 1607 2556 dz‘co
1648 2523 1688 2556 et
1727 2517 1927 2570 testificor
1965 2519 2010 2558 in

112 2568 205 2593 17-19.

350 2584 548 2633 Domino,
571 2591 619 2624 ut
652 2585 739 2624 iam
778 2586 859 2624 non
896 2585 1122 2625 ambuletis
1153 2584 1264 2624 sicut
1290 2591 1440 2637 gentes
1476 2584 1702 2625 ambulant
1737 2586 1782 2625 in
1816 2587 2010 2628 vanitate

348 2668 495 2693 sensus
529 2654 609 2702 sui,
633 2652 813 2692 tenebris
845 2653 1113 2693 obscuratum
1147 2653 1345 2693 babentes
1378 2653 1648 2703 intellectuali,
1669 2654 1854 2694 alienati
1881 2669 1908 2694 a
1937 2656 2010 2695 via

349 2723 436 2762 Dei
445 2730 528 2774 per
548 2722 851 2774 ignorantiam,
873 2736 980 2774 quae
1001 2729 1063 2761 est
1083 2722 1127 2761 in
1151 2722 1239 2762 illis
1251 2728 1427 2774 propter
1443 2722 1682 2762 caecitatem
1698 2723 1834 2762 cordis
1853 2738 2009 2772 eorum,
2028 2742 2065 2770 35

347 2791 425 2843 qui
441 2791 707 2842 desperantes
738 2798 867 2830 semet
888 2791 998 2843 ipsos
1020 2791 1297 2830 tradiderunt
1317 2790 1611 2842 inqfiudicitiae
1645 2791 1691 2830 in
1728 2792 2009 2843 operationem

346 2857 484 2896 omnis
506 2857 807 2896 imnutnditiae
822 2863 862 2896 et
877 2854 1118 2896 avaritiae¹
1174 2857 1232 2896 Et
1254 2857 1351 2909 quis
1369 2863 1561 2897 vestrum
1586 2863 1742 2909 sponte
1765 2858 2009 2910 expleverit

72 2920 175 2954 s's's‘''·*'·
196 2929 222 2952 v,
244 2930 286 2955 ¹7·
348 2926 388 2964 id
413 2926 530 2977 quod
555 2926 772 2977 sequitur:
805 2925 1035 2977 Propterea
1057 2925 1184 2964 nolite
1191 2924 1302 2977 fieri
1320 2924 1619 2978 imprudentes,
1639 2925 1716 2964 scd
1727 2925 2010 2979 intellegentes

350 3008 456 3046 quac
476 2994 534 3033 sit
554 2994 752 3033 voluntas
774 2993 869 3042 Dei,
891 3000 932 3033 et
951 2993 1076 3033 nolite
1099 2993 1311 3033 inebriari
1337 2993 1447 3042 vino,
1469 2993 1515 3033 in
1537 3007 1617 3046 quo
1648 2999 1709 3032 est
1728 2993 1916 3043 luxuria,
1937 2995 2015 3036 sed

349 3062 571 3113 replemini
592 3062 762 3114 Spiritu
788 3063 956 3103 Sancto.
2027 3082 2066 3109 40

419 3175 428 3193 ¹
455 3174 658 3206 Avaritiae
686 3173 741 3206 sor
771 3174 810 3206 in
845 3173 1015 3206 avaritia
1050 3172 1079 3206 is
1113 3183 1160 3205 an
1196 3171 1414 3215 interesting
1447 3173 1702 3216 non—Vulgate
1732 3172 1924 3217 intrusion,
1954 3174 2010 3207 for

350 3219 466 3253 which
487 3220 588 3253 there
609 3219 637 3252 is
657 3219 833 3253 evidence
852 3220 887 3253 in
907 3218 1180 3253 Graeco-Latin
1202 3219 1312 3253 MSS.
