2173 3556
92 566 152 595 ler.
173 566 202 598 ii,
227 575 274 595 20.

93 630 152 658 ler.
173 630 202 663 ii,
222 639 268 663 21,
288 639 333 659 22.

94 829 152 856 [εν.
173 828 202 861 ii,
221 837 321 865 29-32.

93 1313 154 1342 Ier.
175 1313 212 1346 iv,
235 1321 281 1341 22.

92 1516 153 1545 ler.
174 1526 200 1549 v,
220 1525 246 1553 3.

97 1721 155 1750 [er.
176 1731 203 1755 v,
223 1730 321 1758 2023.

93 2342 152 2370 ler.
174 2352 200 2374 v.
222 2343 321 2379 26-29.

383 235 398 264 1
418 234 472 277 14
878 220 956 267 De
981 220 1193 268 Excidio
1217 220 1530 268 Britanniae.

377 354 481 394 dicit
511 354 751 396 Dominus:
783 356 893 408 quid
923 355 1179 397 invenerunt
1210 356 1255 397 in
1277 370 1342 397 me
1353 362 1504 409 patres
1524 356 1658 397 vestri
1685 355 1942 410 iniquitatis,
1963 355 2043 408 qui

375 424 563 476 elongati
591 431 694 464 sunt
727 438 754 464 a
786 439 850 465 me
883 431 923 465 et
954 425 1288 466 ambulaverunt
1310 431 1407 477 post
1443 425 1678 465 vanitatem
1715 432 1755 465 et
1790 425 1898 466 vani
1919 425 2043 476 facti

375 499 477 532 sunt
496 499 536 533 et
556 507 637 533 non
660 493 884 534 direrunt:
908 495 983 536 ubi
992 502 1054 536 est
1073 494 1151 548 qui
1169 494 1387 534 ascendere
1403 508 1478 534 nos
1485 494 1595 546 fecit
1614 494 1664 534 a⁷e
1680 500 1796 534 terra
1815 494 2038 545 Aegypti?

379 560 437 601 Et
461 567 560 614 post
595 575 758 613 pauca:
790 562 830 601 Α
865 564 1027 603 saeculo
1058 562 1305 615 confregisti
1331 562 1480 615 iugum
1516 576 1666 611 meum,
1689 562 1849 614 rupisti
1867 561 2038 601 vincula

378 644 482 678 mea,
504 630 684 670 dzlristi:
717 645 796 670 non
827 632 1024 672 serviam.
1087 632 1180 684 Ego
1203 631 1411 683 plantavi
1444 638 1482 671 te
1514 632 1683 671 vineam
1719 632 1899 679 electam,
1921 645 2040 670 omne
2077 644 2094 673 5

375 713 513 738 semen
536 713 695 739 verum.
761 699 974 748 Quomodo
995 715 1092 753 ergo
1123 713 1321 739 conversa
1351 713 1393 739 es
1426 699 1470 739 in
1493 706 1683 751 pravum
1706 700 1832 739 vinea
1853 699 1995 739 aliena
2014 700 2040 739 P

380 768 415 807 S
418 768 436 807 i
455 767 613 807 laveris
634 774 670 807 te
693 767 805 807 nitro
826 774 866 807 et
888 769 1241 822 multiplicaveris
1271 768 1352 808 tibi
1370 768 1543 808 lcerbam
1571 767 1736 817 borith,l
1761 769 1977 808 maculata
1997 782 2040 808 es

377 836 606 889 iniquitate
641 843 718 876 tua
750 851 890 878 coram
936 853 1010 887 me,
1057 838 1162 878 dicit
1206 837 1431 877 Dominus.
1496 838 1555 878 Et
1587 838 1723 878 infra:
1760 837 1883 888 Quid
1908 838 2042 878 vultis

378 919 536 945 mecum
569 905 724 945 iudicio
756 907 996 947 contendere
1013 908 1034 948 ?
1065 921 1206 947 omues
1242 920 1306 946 me
1341 906 1642 959 dereliquistis,
1679 907 1783 947 dicit
1814 907 2039 947 Dominus.

380 975 565 1014 Frustra
577 974 772 1026 percussi
787 975 910 1028 filios
946 982 1115 1025 vestros,
1137 974 1411 1026 disciplinam
1445 989 1527 1015 non
1562 982 1811 1028 receperunt.
1873 975 2040 1016 Audite
2058 985 2095 1004 10

377 1044 551 1084 verbum
588 1044 792 1085 Domini:
826 1045 1060 1098 numquid
1094 1046 1276 1086 solitudo
1296 1047 1448 1097 factus
1482 1059 1577 1085 sum
1610 1045 1783 1085 Israhel
1813 1052 1892 1085 aut
1923 1051 2040 1085 terra

378 1112 565 1152 serotina
585 1113 610 1152 P
664 1112 808 1162 Quare
829 1128 926 1166 ergo
947 1115 1061 1154 dixit
1070 1115 1255 1167 populus
1277 1128 1394 1154 meus
1412 1130 1420 1154 ε
1444 1114 1698 1162 recessimus,
1721 1129 1802 1154 non
1825 1114 2041 1155 veniemus

378 1179 495 1219 ultra
516 1179 578 1218 ad
604 1185 642 1219 te
658 1180 680 1219 P
711 1194 814 1220 num
845 1180 956 1233 quid
981 1181 1247 1221 obliviscitur
1275 1181 1397 1234 virgo
1428 1180 1672 1220 ornamenti
1700 1180 1773 1220 sui
1790 1187 1870 1220 aut
1888 1187 2040 1232 sponsa

364 1247 534 1299 fasciae
544 1247 774 1299 pectoralis
794 1262 897 1288 suae
912 1248 938 1287 P
950 1249 1135 1301 populus
1151 1263 1247 1289 vero
1269 1263 1387 1288 meus
1407 1248 1560 1288 oblitus
1580 1254 1642 1288 est
1662 1263 1726 1288 me
1747 1248 1892 1288 diebus
1913 1248 2039 1288 innu-

378 1316 515 1356 meris.
596 1315 711 1366 Quia
743 1317 901 1357 stultus
933 1324 994 1357 est
1018 1318 1204 1370 populus
1236 1332 1362 1366 meus,
1399 1331 1464 1357 me
1497 1331 1577 1357 non
1609 1317 1800 1370 cognovit
1816 1333 1830 1357 .·
1849 1317 1948 1370 filii
1976 1317 2040 1357 in·
2061 1321 2095 1351 Ι5

375 1385 573 1437 sipientes
592 1392 695 1425 sunt
713 1392 753 1426 et
773 1386 963 1426 vecordes
979 1403 986 1427 :
1017 1387 1226 1439 sapientes
1246 1393 1358 1436 sicut,
1380 1392 1430 1426 ut
1431 1386 1610 1438 faciant
1631 1386 1759 1433 mala,
1781 1386 1878 1426 bene
1898 1393 2040 1426 autem

366 1452 514 1503 facere
535 1451 777 1492 nescierunt.

466 1520 581 1560 Tum
606 1520 823 1573 propheta
846 1535 903 1560 ex
938 1535 1017 1561 sua
1053 1535 1242 1574 persona
1276 1520 1472 1574 loquitur
1504 1521 1682 1561 dicens:
1715 1521 1911 1570 Domine,
1932 1505 2122 1563 oculz‘43

378 1588 448 1628 tui
466 1588 695 1640 respiciunt
714 1588 863 1641 fidem.
924 1589 1187 1629 Percussisti
1204 1603 1270 1629 eos
1290 1595 1331 1629 et
1350 1603 1431 1629 non
1454 1589 1681 1629 doluerunt
1694 1605 1713 1637 ‚·
1743 1589 1962 1629 attrivisti
1975 1603 2040 1629 eos

377 1663 418 1696 et
453 1663 687 1696 renuerunt
705 1656 887 1709 accipere
919 1657 1190 1709 disciplinam
1206 1673 1225 1705 ,·
1272 1657 1591 1697 induraverunt
1612 1657 1754 1709 facies
1783 1671 1886 1697 suas
1915 1664 2043 1709 super
2059 1668 2097 1687 20

371 1731 542 1777 petram
584 1732 624 1765 et
664 1726 891 1765 noluerunt
923 1726 1087 1766 reverti.
1154 1727 1354 1779 Itemque
1380 1727 1630 1767 Dominus:
1662 1726 1936 1766 Annuntiate
1967 1727 2041 1766 lloc

379 1794 528 1834 domui
545 1794 667 1834 Iacob
687 1801 728 1834 et
747 1795 947 1834 auditum
967 1795 1106 1846 facite
1137 1795 1182 1835 iu
1214 1796 1243 1835 l
1241 1795 1329 1835 uda
1352 1795 1532 1835 dicentes
1549 1810 1563 1835 .·
1595 1795 1712 1843 audi,
1725 1795 1880 1847 popule
1900 1795 2038 1844 stulte,

378 1863 555 1915 quinon
577 1863 702 1903 lcabes
734 1877 811 1912 cor,
834 1863 912 1916 qui
941 1863 1138 1904 babentes
1173 1865 1308 1904 oculos
1341 1878 1423 1904 non
1464 1864 1620 1904 videtis
1654 1870 1695 1904 et
1728 1878 1855 1904 aures
1886 1870 1926 1904 et
1956 1878 2040 1903 non

376 1932 552 1972 auditis.
616 1932 674 1971 M
673 1946 692 1972 e
732 1946 828 1984 eigo
860 1947 940 1972 nou
973 1933 1185 1982 timebitis,
1217 1933 1283 1973 ait
1314 1933 1540 1982 Dominus,
1571 1940 1612 1974 et
1643 1947 1670 1973 a
1702 1933 1814 1983 facie
1844 1947 1936 1973 mea
1959 1947 2040 1972 uon

376 2001 566 2040 dolebitis
582 2001 607 2040 P
638 2001 715 2053 qui
735 2001 867 2053 posui
894 2001 1121 2042 harenam2
1162 2002 1394 2042 terminum
1438 2003 1556 2042 mari
1576 2009 1848 2055 praeceptum
1889 2003 2040 2055 sempi-
2060 2010 2097 2039 25

376 2076 555 2119 ternum,
592 2070 707 2122 qlcoa'
744 2085 824 2110 non
857 2071 1139 2122 praeteribit,·
1169 2079 1208 2111 et
1248 2071 1620 2111 commovebuntur
1657 2078 1697 2111 et
1726 2085 1808 2111 uon
1822 2079 2037 2124 poterunt,

375 2138 652 2178 intumescent
657 2139 824 2191 fluctus
844 2139 935 2179 eius
955 2146 995 2179 et
1016 2154 1096 2180 non
1120 2140 1369 2180 transibunt
1389 2140 1509 2180 illud.
1571 2140 1734 2192 Populo
1767 2147 1908 2180 autem
1945 2140 2044 2180 lluic

380 2209 537 2248 sactum
560 2214 621 2247 est
640 2222 710 2247 cor
743 2209 1008 2248 incredulum
1043 2215 1083 2249 et
1114 2215 1378 2262 exasperans,
1413 2216 1669 2249 recesserunt
1692 2216 1732 2250 et
1767 2210 1974 2258 abierunt,
2005 2217 2045 2250 et

377 2288 458 2313 non
481 2274 682 2314 diverunt
703 2274 748 2314 in
770 2275 889 2314 corde
909 2289 984 2314 suo
1002 2291 1008 2314 :
1043 2281 1284 2315 metuamus
1304 2275 1543 2315 Dominum
1566 2275 1707 2315 Deum
1732 2282 1935 2316 nostrum.
1983 2276 2041 2316 Et

378 2343 564 2382 iterum:
602 2342 717 2392 Quia
753 2343 921 2383 inventi
949 2351 1053 2384 sunt
1087 2344 1132 2383 in
1165 2345 1321 2396 populo
1344 2359 1430 2384 meo
1465 2344 1592 2396 impii
1626 2344 1881 2384 insidiantes
1917 2345 2046 2398 quasi
2060 2353 2098 2381 30

377 2419 566 2463 aucupes,
588 2412 756 2464 laqueos
767 2419 970 2464 ponentes
990 2419 1030 2452 et
1040 2413 1215 2464 pedicas
1236 2413 1298 2453 ad
1313 2413 1534 2465 capiendos
1548 2413 1671 2454 viros.
1708 2414 1833 2454 Sicut
1852 2414 2042 2466 decipula

368 2478 499 2529 plena
521 2478 683 2528 avibus,
704 2478 765 2518 sic
784 2479 934 2518 domus
954 2493 1097 2519 eorum
1111 2479 1267 2531 plenae
1298 2480 1399 2520 dolo.
1464 2480 1561 2519 Ideo
1583 2480 1854 2534 magnificati
1881 2487 1984 2520 sunt
2003 2487 2043 2520 et

378 2547 518 2596 ditati,
554 2548 788 2588 incrassati
815 2554 919 2588 sunt
948 2555 987 2588 et
1009 2548 1268 2601 inpinguati,
1290 2555 1330 2588 et
1340 2549 1662 2601 praeterierunt
1690 2563 1901 2589 sermones
1931 2564 2042 2590 meos

374 2615 563 2668 pessime,
585 2631 758 2656 causam
773 2617 938 2668 pupilli
957 2631 1038 2657 non
1053 2617 1257 2657 dili-erunt
1276 2624 1316 2657 et
1336 2617 1543 2657 iudicium
1556 2625 1798 2670 pauperum
1823 2633 1903 2657 non
1927 2618 2039 2658 iudi-

377 2688 588 2721 caverunt.
670 2683 906 2735 [Vumquid
934 2690 1062 2735 super
1103 2683 1172 2723 liis
1206 2697 1288 2723 non
1326 2683 1517 2732 visitabo,
1559 2684 1663 2724 dicit
1701 2684 1929 2734 Dominus,
1964 2691 2043 2724 aut
2060 2687 2097 2718 35

377 2755 504 2800 super
516 2755 685 2800 gentem
709 2749 960 2789 huiusmodi
979 2764 1060 2789 non
1084 2750 1307 2790 ulciscetur
1325 2750 1476 2790 anima
1499 2764 1591 2790 mea
1607 2751 1629 2791 ,9

448 2899 459 2919 ¹
486 2899 650 2933 Herbam
675 2900 805 2934 boritli.
861 2901 892 2935 It
912 2912 986 2935 was
1016 2901 1152 2935 Luther
1177 2901 1256 2935 that
1284 2901 1361 2935 first
1380 2902 1471 2935 used
1489 2902 1552 2936 the
1570 2902 1670 2936 word
1687 2905 1776 2946 soap
1793 2901 1935 2946 (Seife),
1954 2903 2042 2937 here

378 2957 450 2989 and
478 2956 513 2990 in
544 2958 631 2991 Mal.
661 2957 707 3000 iii,
728 2968 772 2999 23
798 2959 891 2992 from
918 2958 975 2992 his
1002 2958 1221 2993 translation
1250 2959 1275 2993 it
1302 2960 1436 3004 passed
1458 2959 1534 2993 into
1553 2960 1614 2993 the
1634 2959 1793 3003 English
1818 2960 1892 2993 and
1911 2961 2040 2994 &Velsh

378 3013 553 3047 versions.
606 3016 686 3049 'she
706 3016 831 3050 leaves
851 3017 923 3050 and
944 3015 1059 3050 sliced
1078 3024 1177 3050 roots
1197 3017 1238 3050 of
1252 3016 1323 3051 this
1344 3017 1445 3061 plant
1466 3029 1558 3051 were
1573 3018 1665 3051 used
1684 3018 1739 3051 for
1757 3017 1933 3062 washing.

447 3071 460 3091 ²
486 3073 691 3106 Harcnam.
744 3073 835 3107 This
858 3073 1060 3118 aspisatim]
1083 3074 1113 3107 is
1141 3081 1204 3108 not
1233 3087 1313 3109 rare
1346 3075 1380 3108 in
1407 3075 1555 3109 codices
1582 3075 1623 3108 of
1648 3076 1710 3109 the
1737 3076 1907 3119 Vulgate.
1959 3077 2040 3111 The

375 3136 481 3163 notes
500 3136 536 3163 to
552 3131 612 3164 the
633 3132 775 3165 Oxford
793 3131 932 3165 edition
949 3133 1060 3173 show,
1074 3132 1476 3175 eg„liarsda=arida‚
1496 3133 1630 3167 Matth.
1647 3132 1742 3176 xxiii,
1764 3142 1800 3177 15
1822 3146 1829 3174 ;
1855 3133 1977 3167 stabat
1991 3134 2046 3168 ad

375 3187 534 3220 hostium
561 3187 620 3231 (4
633 3190 795 3232 ostium),
830 3191 884 3234 Jo.
921 3189 1017 3233 xviii,
1048 3190 1122 3224 and
1157 3190 1610 3234 ltostt'ariae:ostiariae,
1646 3191 1730 3225 ibid.
1799 3191 1970 3235 Gregory
2004 3192 2046 3225 of
