2214 3556
382 281 406 325 3
417 278 477 324 70
1049 263 1098 310 V
1094 263 1164 310 ita
1194 262 1383 310 Gz'ldcze.

379 400 461 440 loci
485 399 525 439 in
550 399 853 440 testimonium
879 405 1132 452 posuerunt,
1154 412 1313 452 corpus
1336 412 1440 439 vero
1473 399 1614 439 sancti
1637 397 1715 438 viri
1741 411 1840 438 cum
1864 397 2042 450 hymnis

380 475 423 510 et
446 469 648 509 laudibus
672 469 725 509 ad
750 482 876 509 suum
902 469 1215 509 monasterium
1250 469 1497 509 deferentes
1531 468 1730 508 maxima
1761 467 2044 508 multitudine

381 538 645 592 populorum
684 544 977 590 prosequente
1012 551 1110 577 cum
1148 537 1310 589 gaudia
1346 544 1388 577 et
1425 538 1594 578 laetitia
1629 549 1802 589 magna,
1834 536 2043 588 quoniam

381 613 616 660 patronum
641 612 683 646 et
706 606 968 646 advocatum
1000 619 1209 658 magnum
1244 606 1412 658 patriae
1444 619 1548 645 suae
1582 611 1624 645 et
1657 605 1774 658 apud
1800 604 2044 644 Dominum

381 676 711 716 intercessorem
749 675 1014 714 invenerant.
1079 674 1186 714 Dies
1220 680 1365 714 autem
1402 674 1485 721 illa,
1515 687 1627 727 quae
1664 680 1731 714 est
1762 673 1917 726 quinto
1949 672 2047 712 idus
2084 682 2101 712 5

383 745 504 793 Maii,
526 744 582 784 ab
606 744 678 783 illo
702 751 900 796 tempore
924 757 1062 796 usque
1085 745 1137 782 ad
1166 758 1370 796 praesens
1386 750 1561 796 tempus
1585 742 1868 783 celeberrima
1891 741 2047 781 colitur

381 819 424 853 et
447 818 643 852 servatur
666 812 782 865 apud
807 812 1097 864 provinciales
1121 811 1426 852 Venetenses¹
1492 812 1707 852 Plurimas
1731 811 1863 851 etiam
1899 811 1938 849 in
1975 809 2048 849 illa

382 882 452 922 die
475 881 629 922 solitus
652 887 718 921 est
742 881 963 920 Dominus
994 880 1135 920 facere
1157 881 1340 920 virtutes
1373 880 1427 920 ad
1462 881 1553 921 eius
1587 880 1848 933 sepulcrum,
1871 879 1982 919 sicut
2005 884 2048 918 et

384 951 464 1003 ipsi
488 950 624 990 oculis
657 950 816 989 nostris
840 949 1041 989 vidimus.
1106 949 1302 988 Positum
1339 955 1404 989 est
1436 956 1582 989 autem
1618 963 1775 1002 corpus
1808 948 1946 988 sancti
1969 947 2047 986 viri

384 1020 425 1060 in
460 1019 654 1067 ecclesia,
688 1032 820 1071 quam
865 1019 956 1070 ipse
999 1018 1039 1057 in
1084 1018 1266 1071 antiquo
1309 1025 1453 1058 castro
1498 1019 1694 1058 Reuvisii
1728 1022 2048 1061 construxerat,
2069 1033 2106 1054 10

383 1089 536 1129 eadem
568 1101 655 1140 qua
687 1086 870 1139 praefati
903 1100 1054 1126 sumus
1086 1087 1167 1134 die,
1190 1087 1263 1126 ubi
1298 1101 1373 1139 per
1406 1087 1543 1127 multa
1581 1100 1793 1126 annorum
1835 1085 2048 1126 curricula

382 1157 637 1197 servabatur
659 1162 702 1195 et
724 1155 780 1195 ab
803 1156 1003 1195 universa
1037 1155 1286 1195 Brittonum
1317 1162 1449 1207 gente
1471 1155 1779 1195 venerabiliter
1811 1145 2049 1194 colebatur,

384 1226 594 1279 quoniam
616 1223 960 1264 innumerabiles
983 1237 1008 1263 a
1032 1223 1228 1263 Domino
1252 1222 1417 1263 fiebant
1439 1223 1632 1263 virtutes

476 1293 711 1333 Interfecto
734 1292 967 1332 crudeliter
989 1291 1044 1331 ab
1067 1293 1213 1345 impiis
1237 1292 1442 1345 religioso
1464 1306 1565 1345 rege
1586 1290 1843 1333 Salomone‘2
1861 1298 1903 1331 et
1925 1291 2049 1330 dissi·
2070 1294 2129 1339 32

384 1362 590 1403 dentibus
621 1362 733 1401 inter
779 1375 824 1401 se
869 1361 985 1414 ipsos
1034 1360 1256 1400 Britannis
1289 1361 1494 1413 bellaque
1530 1361 1741 1401 intestina
1782 1359 2049 1412 gerentibus,
2070 1373 2105 1404 15

384 1446 409 1472 a
432 1432 535 1471 foris
550 1437 698 1471 autem
723 1431 875 1483 piratis
900 1430 1129 1469 Danorum
1147 1431 1395 1470 universam
1418 1431 1693 1470 Britanniam
1714 1429 1845 1480 longe
1869 1429 2046 1481 lateque

384 1499 758 1554 depopulantibus
778 1515 784 1539 :
809 1513 910 1539 nam
927 1513 978 1539 eo
997 1505 1197 1551 tempore
1212 1513 1319 1552 gens
1336 1501 1430 1553 ipsa
1447 1499 1690 1540 Galliarum
1709 1512 1884 1551 quoque
1903 1504 2048 1550 partes

384 1568 589 1609 vastabat
619 1568 861 1608 maritimas
884 1573 926 1607 et
949 1568 1074 1620 quasi
1097 1568 1289 1620 quadam
1315 1568 1542 1620 grandinis
1566 1566 1833 1607 intolerabili
1857 1572 2049 1618 tempes-

385 1644 476 1678 tate
492 1636 757 1677 conterebat.
811 1637 967 1689 Itaque
987 1637 1226 1685 Britannia,
1242 1651 1355 1689 quae
1371 1636 1474 1676 olim
1494 1636 1677 1676 Letavia
1695 1636 1812 1675 dicta
1832 1635 1922 1684 fuit,
1938 1635 2049 1674 sicut

387 1706 594 1754 diximus
626 1719 678 1744 eo
701 1711 899 1758 tempore
922 1710 1012 1744 tarn
1049 1718 1073 1743 a
1096 1705 1184 1744 suis
1217 1718 1350 1758 quam
1375 1705 1431 1744 ab
1468 1705 1694 1744 extraneis
1718 1703 1881 1743 crudeli
1916 1702 2048 1742 modo
2069 1718 2107 1737 20

387 1774 651 1814 vastabatur.
715 1773 939 1821 Civitates,
963 1773 1155 1821 castella,
1185 1773 1409 1822 ecclesiae,
1432 1773 1604 1822 domm,
1638 1773 1904 1812 monasteria
1937 1772 2049 1812 viro-

387 1857 482 1884 rum
507 1850 638 1895 atque
671 1842 1072 1882 sanctimonialium
1099 1843 1188 1894 igni
1213 1843 1515 1890 tradebantur,
1538 1843 1680 1882 donec
1704 1843 1744 1881 in
1764 1842 2047 1881 solitudinem

387 1920 430 1953 et
453 1918 623 1952 vastam
648 1925 844 1951 eremum
870 1911 1052 1950 omnino
1076 1912 1195 1963 regio
1229 1918 1323 1951 tota
1348 1911 1429 1951 Dei
1456 1912 1616 1951 iudicio
1640 1912 1919 1963 redigeretur.
1983 1910 2051 1949 Eo

385 1988 585 2034 tempore
614 1980 784 2020 Alanus
807 1986 939 2032 atque
965 1980 1266 2032 Fasquetenus
1295 1980 1425 2020 frater
1458 1980 1551 2020 eius
1580 1980 1842 2020 Veneticam
1876 1979 2050 2032 provin-

386 2051 497 2090 ciam
525 2049 746 2101 regebant,
769 2062 882 2101 quae
904 2063 928 2088 a
953 2048 1151 2089 Guereco
1176 2050 1261 2088 Bro
1285 2049 1472 2090 Guerec3
1494 2049 1663 2097 dicitur,
1685 2062 1737 2088 eo
1764 2049 1880 2100 quod
1905 2048 2050 2087 occiso
2067 2063 2106 2093 25

389 2118 631 2171 Belpoleno
664 2118 775 2157 duce
810 2131 908 2158 cum
933 2118 1131 2157 exercitu
1168 2132 1258 2165 su0‚
1282 2117 1478 2169 effugato
1506 2118 1639 2157 etiam
1664 2117 1750 2157 alio
1780 2118 2048 2156 Francorum

388 2189 499 2228 duce
524 2188 763 2228 Ebracario
805 2187 1030 2240 regionem
1056 2187 1196 2240 ipsam
1221 2187 1404 2227 viriliter
1437 2187 1711 2227 defenderit:
1755 2187 1830 2226 sed
1865 2192 1996 2239 capto
2029 2199 2053 2225 a

458 2346 469 2367 ¹
505 2347 714 2381 Venelenses
740 2373 746 2380 .
784 2374 789 2380 .
818 2373 824 2379 .
853 2373 859 2380 .
897 2346 1064 2380 Veneticae
1089 2347 1305 2390 provincia.
1357 2346 1482 2380 These
1502 2353 1572 2380 two
1601 2345 1798 2390 adjectiva]
1817 2345 1931 2379 forms
1961 2345 2055 2379 refer

389 2412 425 2440 to
444 2405 506 2440 the
530 2404 673 2439 district
693 2404 812 2439 called
841 2405 1040 2438 Vamzetaz's
1058 2404 1093 2438 in
1115 2405 1273 2447 Freneh,
1293 2405 1334 2438 of
1347 2403 1465 2438 which
1494 2405 1556 2438 the
1575 2403 1726 2448 leading
1754 2410 1879 2438 centre
1898 2415 1972 2437 was
1992 2404 2054 2438 the

387 2462 537 2497 ancient
555 2462 627 2506 city
647 2463 766 2496 called
795 2463 979 2504 Venatum,
999 2474 1083 2496 now
1121 2462 1275 2496 chnes.
1330 2463 1411 2496 The
1439 2462 1579 2496 second
1611 2461 1795 2506 adjective
1817 2461 1845 2495 is
1874 2461 1988 2495 found
2017 2461 2053 2494 in

388 2521 450 2554 the
471 2519 670 2563 Synodical
700 2521 824 2554 Letter
843 2520 883 2553 of
897 2520 958 2554 the
979 2520 1135 2554 Council
1162 2520 1204 2553 of
1230 2521 1395 2562 Vannes,
1422 2520 1509 2553 held
1530 2519 1565 2553 in
1587 2520 1649 2553 the
1677 2519 1816 2553 second
1835 2519 1916 2552 half
1938 2519 1978 2552 of
1992 2519 2054 2552 the

390 2577 467 2610 fifth
495 2578 737 2620 century—in
763 2577 908 2611 ecclesia
937 2577 1112 2611 Venefica.
1167 2578 1221 2621 By
1248 2577 1310 2611 the
1340 2578 1500 2611 Bretons
1521 2576 1545 2610 it
1579 2576 1608 2609 is
1628 2577 1749 2610 called
1771 2576 1958 2616 Gwenecm
1989 2576 2053 2609 but

390 2646 430 2668 as
450 2634 521 2667 this
538 2634 566 2667 is
585 2646 607 2668 a
625 2635 697 2668 late
710 2635 801 2668 form
821 2634 877 2667 sor
894 2634 956 2668 the
973 2634 1249 2667 Gallo-Roman
1269 2645 1378 2667 name
1402 2635 1584 2676 Venetam,
1599 2633 1624 2667 it
1643 2644 1712 2666 can
1725 2634 1814 2666 bear
1832 2644 1879 2665 no
1898 2631 2054 2665 relation

390 2699 426 2725 to
456 2693 517 2726 the
545 2693 675 2726 &Velsh
704 2704 813 2726 name
839 2692 895 2725 for
925 2693 1046 2726 North
1068 2693 1207 2734 NVales,
1241 2692 1459 2735 Gwynedd;
1487 2703 1554 2725 nor
1580 2703 1649 2725 can
1678 2702 1730 2724 we
1763 2690 1878 2724 found
1899 2691 2053 2724 thereon

392 2762 464 2794 any
490 2757 684 2794 argument
704 2750 759 2783 sor
776 2762 797 2783 a
818 2751 937 2784 North
967 2751 1093 2784 W'ales
1113 2749 1330 2794 contingent
1350 2761 1490 2793 among
1509 2750 1570 2783 the
1595 2748 1729 2783 uritish
1749 2747 1953 2791 emigrants
1973 2748 2054 2781 who

393 2809 527 2842 settled
547 2810 582 2842 in
602 2809 663 2842 the
682 2808 992 2851 neighbourhood
1007 2809 1049 2842 of
1063 2810 1227 2842 Vannes.

464 2867 532 2899 We
558 2866 713 2900 observe
733 2867 812 2900 that
832 2867 893 2900 the
924 2874 995 2900 two
1014 2867 1139 2909 forins,
1160 2867 1350 2900 Brz'llones
1375 2867 1450 2900 and
1470 2867 1662 2907 Britanni,
1683 2876 1744 2899 are
1764 2865 1854 2899 both
1881 2864 1973 2898 used
2000 2864 2055 2897 sor

395 2924 458 2958 the
478 2935 581 2957 same
601 2925 733 2968 people
754 2937 760 2964 ;
788 2925 832 2958 cf.
853 2925 1040 2958 Britanni
1056 2924 1092 2958 in
1111 2936 1140 2958 c.
1162 2935 1191 2969 3.

463 3003 475 3023 2
501 3004 705 3037 Salomone.
760 3003 934 3038 Hitherto
953 3005 1014 3038 the
1034 3004 1259 3049 biographer
1277 3016 1398 3039 seems
1427 3011 1464 3038 to
1483 3005 1578 3039 have
1597 3003 1795 3048 depended
1821 3013 1920 3047 upon
1941 3008 2055 3035 mate-

395 3058 479 3091 rials
498 3058 649 3092 derived
668 3059 761 3092 from
780 3071 826 3092 an
846 3060 947 3103 early
966 3059 1051 3094 date
1069 3073 1076 3101 3
1102 3061 1168 3094 but
1187 3060 1223 3094 in
1244 3059 1315 3094 this
1343 3061 1497 3104 chapter
1523 3071 1574 3094 we
1593 3059 1726 3103 gather
1744 3059 1824 3092 that
1844 3058 1950 3091 other
1979 3057 2053 3091 and

394 3114 483 3146 later
502 3125 650 3147 sources
679 3125 741 3147 are
772 3114 898 3148 drawn
931 3126 1042 3159 upon.
1098 3116 1178 3149 The
1206 3116 1353 3159 change
1382 3115 1474 3148 from
1513 3115 1684 3148 [Vetat-us
1718 3121 1755 3148 to
1777 3114 1963 3147 Guereclts
1981 3113 2048 3145 has

394 3171 544 3213 already
563 3171 655 3203 been
677 3171 891 3205 mentioned
913 3185 919 3212 ;
946 3173 1010 3206 but
1038 3184 1090 3206 we
1112 3180 1208 3206 must
1227 3173 1301 3206 add
1321 3173 1400 3206 also
1419 3173 1498 3206 that
1518 3179 1647 3206 events
1667 3183 1739 3214 arc,
1760 3171 1795 3204 in
1816 3170 1890 3204 this
1910 3169 2052 3204 section

396 3228 624 3271 apparently,
646 3227 766 3262 mixed
786 3230 956 3272 together
976 3229 1010 3262 in
1038 3242 1059 3264 a
1079 3241 1165 3275 very
1185 3231 1363 3265 confused
1396 3242 1484 3275 way.
1537 3231 1618 3264 The
1637 3230 1748 3264 death
1777 3229 1818 3262 os
1839 3228 1902 3263 the
1921 3227 2055 3271 saintly
