<?xml version="1.0" encoding="UTF-8"?>
<!DOCTYPE html PUBLIC "-//W3C//DTD XHTML 1.0 Transitional//EN"
    "http://www.w3.org/TR/xhtml1/DTD/xhtml1-transitional.dtd">
<html xmlns="http://www.w3.org/1999/xhtml" xml:lang="en" lang="en">
 <head>
  <title>
</title>
<meta http-equiv="Content-Type" content="text/html;charset=utf-8" />
  <meta name='ocr-system' content='tesseract 3.04.00' />
  <meta name='ocr-capabilities' content='ocr_page ocr_carea ocr_par ocr_line ocrx_word'/>
</head>
<body>
  <div class='ocr_page' id='page_1' title='image "./gildaedeexcidiob00gilduoft_0218.png"; bbox 0 0 2214 3556; ppageno 0'>
   <div class='ocr_carea' id='block_1_1' title="bbox 51 753 297 788">
    <p class='ocr_par' dir='ltr' id='par_1_1' title="bbox 51 753 297 788">
     <span class='ocr_line' id='line_1_1' title="bbox 51 753 297 788; baseline -0.016 -5"><span class='ocrx_word' id='word_1_1' title='bbox 51 754 151 783; x_wconf 74' lang='lat' dir='ltr'><em>Mich.</em></span> <span class='ocrx_word' id='word_1_2' title='bbox 171 753 220 785; x_wconf 88' lang='lat' dir='ltr'><em>vii,</em></span> <span class='ocrx_word' id='word_1_3' title='bbox 241 761 297 788; x_wconf 83' lang='lat'>1-3.</span> 
     </span>
    </p>
   </div>
   <div class='ocr_carea' id='block_1_2' title="bbox 55 1376 298 1414">
    <p class='ocr_par' dir='ltr' id='par_1_2' title="bbox 55 1376 298 1414">
     <span class='ocr_line' id='line_1_2' title="bbox 55 1376 298 1414; baseline -0.008 -8"><span class='ocrx_word' id='word_1_4' title='bbox 55 1378 146 1414; x_wconf 75' lang='lat' dir='ltr'><em>Soph.</em></span> <span class='ocrx_word' id='word_1_5' title='bbox 165 1376 207 1410; x_wconf 84' lang='lat' dir='ltr'><em>iii,</em></span> <span class='ocrx_word' id='word_1_6' title='bbox 227 1385 252 1410; x_wconf 89' lang='lat'><em>1,</em></span> <span class='ocrx_word' id='word_1_7' title='bbox 271 1385 298 1405; x_wconf 90' lang='lat'><em>2.</em></span> 
     </span>
    </p>
   </div>
   <div class='ocr_carea' id='block_1_3' title="bbox 58 1577 287 1615">
    <p class='ocr_par' dir='ltr' id='par_1_3' title="bbox 58 1577 287 1615">
     <span class='ocr_line' id='line_1_3' title="bbox 58 1577 287 1615; baseline -0.004 -9"><span class='ocrx_word' id='word_1_8' title='bbox 58 1578 149 1615; x_wconf 81' lang='lat' dir='ltr'><em>Soph.</em></span> <span class='ocrx_word' id='word_1_9' title='bbox 167 1577 209 1611; x_wconf 85' lang='lat' dir='ltr'><em>iii,</em></span> <span class='ocrx_word' id='word_1_10' title='bbox 227 1585 287 1614; x_wconf 82' lang='lat'><strong>3-5.</strong></span> 
     </span>
    </p>
   </div>
   <div class='ocr_carea' id='block_1_4' title="bbox 338 260 1494 312">
    <p class='ocr_par' dir='ltr' id='par_1_4' title="bbox 338 260 1494 312">
     <span class='ocr_line' id='line_1_4' title="bbox 338 260 1494 312; baseline -0.005 0"><span class='ocrx_word' id='word_1_11' title='bbox 338 269 431 312; x_wconf 88' lang='lat'><em>206</em></span> <span class='ocrx_word' id='word_1_12' title='bbox 840 263 918 310; x_wconf 88' lang='lat' dir='ltr'><em>De</em></span> <span class='ocrx_word' id='word_1_13' title='bbox 944 262 1155 309; x_wconf 76' lang='lat' dir='ltr'><em>Excidio</em></span> <span class='ocrx_word' id='word_1_14' title='bbox 1180 260 1494 308; x_wconf 79' lang='lat' dir='ltr'><em>Britanniae.</em></span> 
     </span>
    </p>
   </div>
   <div class='ocr_carea' id='block_1_5' title="bbox 333 391 2087 2032">
    <p class='ocr_par' dir='ltr' id='par_1_5' title="bbox 333 391 2055 1205">
     <span class='ocr_line' id='line_1_5' title="bbox 333 391 1994 440; baseline -0.005 0"><span class='ocrx_word' id='word_1_15' title='bbox 333 401 455 440; x_wconf 87' lang='lat' dir='ltr'><em>duces</em></span> <span class='ocrx_word' id='word_1_16' title='bbox 481 399 572 440; x_wconf 87' lang='lat' dir='ltr'><em>eius</em></span> <span class='ocrx_word' id='word_1_17' title='bbox 600 413 693 439; x_wconf 90' lang='lat' dir='ltr'><em>cum</em></span> <span class='ocrx_word' id='word_1_18' title='bbox 730 397 977 439; x_wconf 88' lang='lat' dir='ltr'><em>muneribus</em></span> <span class='ocrx_word' id='word_1_19' title='bbox 1010 397 1203 437; x_wconf 87' lang='lat' dir='ltr'><em>iudicant</em></span> <span class='ocrx_word' id='word_1_20' title='bbox 1235 403 1277 436; x_wconf 86' lang='lat' dir='ltr'><em>et</em></span> <span class='ocrx_word' id='word_1_21' title='bbox 1309 394 1540 436; x_wconf 78' lang='lat' dir='ltr'><em>sacerdotes</em></span> <span class='ocrx_word' id='word_1_22' title='bbox 1565 393 1656 433; x_wconf 90' lang='lat' dir='ltr'><em>eius</em></span> <span class='ocrx_word' id='word_1_23' title='bbox 1683 406 1776 432; x_wconf 90' lang='lat' dir='ltr'><em>cum</em></span> <span class='ocrx_word' id='word_1_24' title='bbox 1812 391 1994 432; x_wconf 76' lang='lat' dir='ltr'><em>mercede</em></span> 
     </span>
     <span class='ocr_line' id='line_1_6' title="bbox 333 460 1993 521; baseline -0.006 -12"><span class='ocrx_word' id='word_1_25' title='bbox 333 468 635 521; x_wconf 75' lang='lat' dir='ltr'><em>respondebant</em></span> <span class='ocrx_word' id='word_1_26' title='bbox 687 474 728 508; x_wconf 89' lang='lat' dir='ltr'><em>et</em></span> <span class='ocrx_word' id='word_1_27' title='bbox 767 467 998 519; x_wconf 75' lang='lat' dir='ltr'><em>prophetae</em></span> <span class='ocrx_word' id='word_1_28' title='bbox 1047 465 1138 506; x_wconf 88' lang='lat' dir='ltr'><em>eius</em></span> <span class='ocrx_word' id='word_1_29' title='bbox 1198 479 1291 505; x_wconf 92' lang='lat' dir='ltr'><em>cum</em></span> <span class='ocrx_word' id='word_1_30' title='bbox 1340 463 1521 516; x_wconf 87' lang='lat' dir='ltr'><em>pecunia</em></span> <span class='ocrx_word' id='word_1_31' title='bbox 1573 461 1832 502; x_wconf 76' lang='lat' dir='ltr'><em>divinabant</em></span> <span class='ocrx_word' id='word_1_32' title='bbox 1869 466 1909 500; x_wconf 91' lang='lat' dir='ltr'><em>et</em></span> <span class='ocrx_word' id='word_1_33' title='bbox 1948 460 1993 499; x_wconf 87' lang='lat' dir='ltr'><em>in</em></span> 
     </span>
     <span class='ocr_line' id='line_1_7' title="bbox 333 530 1992 589; baseline -0.006 -11"><span class='ocrx_word' id='word_1_34' title='bbox 333 537 520 578; x_wconf 87' lang='lat' dir='ltr'><em>Domino</em></span> <span class='ocrx_word' id='word_1_35' title='bbox 553 536 863 589; x_wconf 76' lang='lat' dir='ltr'><em>requiescebant</em></span> <span class='ocrx_word' id='word_1_36' title='bbox 893 535 1074 575; x_wconf 87' lang='lat' dir='ltr'><em>dicentes</em></span> <span class='ocrx_word' id='word_1_37' title='bbox 1088 550 1102 575; x_wconf 94' lang='grc'><em>.·</em></span> <span class='ocrx_word' id='word_1_38' title='bbox 1135 548 1270 574; x_wconf 93' lang='lat' dir='ltr'><em>nonne</em></span> <span class='ocrx_word' id='word_1_39' title='bbox 1298 532 1515 573; x_wconf 81' lang='lat' dir='ltr'><em>Dominus</em></span> <span class='ocrx_word' id='word_1_40' title='bbox 1550 531 1595 570; x_wconf 93' lang='lat' dir='ltr'><em>in</em></span> <span class='ocrx_word' id='word_1_41' title='bbox 1629 530 1747 570; x_wconf 83' lang='lat' dir='ltr'><em>nobis</em></span> <span class='ocrx_word' id='word_1_42' title='bbox 1779 536 1841 569; x_wconf 86' lang='lat' dir='ltr'><em>est</em></span> <span class='ocrx_word' id='word_1_43' title='bbox 1855 530 1881 570; x_wconf 72' lang='grc' dir='ltr'><em>,Ρ</em></span> <span class='ocrx_word' id='word_1_44' title='bbox 1912 543 1992 569; x_wconf 89' lang='lat' dir='ltr'><em>non</em></span> 
     </span>
     <span class='ocr_line' id='line_1_8' title="bbox 333 598 1997 658; baseline -0.006 -12"><span class='ocrx_word' id='word_1_45' title='bbox 333 606 503 646; x_wconf 88' lang='lat' dir='ltr'><em>venient</em></span> <span class='ocrx_word' id='word_1_46' title='bbox 520 612 648 658; x_wconf 90' lang='lat' dir='ltr'><em>super</em></span> <span class='ocrx_word' id='word_1_47' title='bbox 666 619 740 645; x_wconf 92' lang='lat' dir='ltr'><em>nos</em></span> <span class='ocrx_word' id='word_1_48' title='bbox 762 605 887 644; x_wconf 89' lang='lat' dir='ltr'><em>mala.</em></span> <span class='ocrx_word' id='word_1_49' title='bbox 949 603 1048 643; x_wconf 86' lang='lat' dir='ltr'><em>Ideo</em></span> <span class='ocrx_word' id='word_1_50' title='bbox 1060 609 1238 655; x_wconf 91' lang='lat' dir='ltr'><em>propter</em></span> <span class='ocrx_word' id='word_1_51' title='bbox 1256 616 1329 641; x_wconf 92' lang='lat' dir='ltr'><em>vos</em></span> <span class='ocrx_word' id='word_1_52' title='bbox 1353 601 1459 641; x_wconf 77' lang='lat' dir='ltr'><em>Sion</em></span> <span class='ocrx_word' id='word_1_53' title='bbox 1480 601 1591 640; x_wconf 90' lang='lat' dir='ltr'><em>sicut</em></span> <span class='ocrx_word' id='word_1_54' title='bbox 1609 613 1715 652; x_wconf 91' lang='lat' dir='ltr'><em>ager</em></span> <span class='ocrx_word' id='word_1_55' title='bbox 1727 598 1936 647; x_wconf 89' lang='lat' dir='ltr'><em>arabitur,</em></span> <span class='ocrx_word' id='word_1_56' title='bbox 1956 603 1997 637; x_wconf 91' lang='lat' dir='ltr'><em>et</em></span> 
     </span>
     <span class='ocr_line' id='line_1_9' title="bbox 333 667 2050 725; baseline -0.005 -11"><span class='ocrx_word' id='word_1_57' title='bbox 333 674 611 715; x_wconf 82' lang='lat' dir='ltr'><em>Hierusalem</em></span> <span class='ocrx_word' id='word_1_58' title='bbox 643 673 753 713; x_wconf 89' lang='lat' dir='ltr'><em>sicut</em></span> <span class='ocrx_word' id='word_1_59' title='bbox 783 672 948 725; x_wconf 89' lang='lat' dir='ltr'><em>specula</em></span> <span class='ocrx_word' id='word_1_60' title='bbox 991 671 1187 724; x_wconf 86' lang='lat' dir='ltr'><em>pomarii</em></span> <span class='ocrx_word' id='word_1_61' title='bbox 1217 670 1300 711; x_wconf 89' lang='lat' dir='ltr'><em>erit</em></span> <span class='ocrx_word' id='word_1_62' title='bbox 1333 676 1373 710; x_wconf 88' lang='lat' dir='ltr'><em>et</em></span> <span class='ocrx_word' id='word_1_63' title='bbox 1408 683 1527 710; x_wconf 86' lang='lat' dir='ltr'><em>mons</em></span> <span class='ocrx_word' id='word_1_64' title='bbox 1557 668 1708 708; x_wconf 88' lang='lat' dir='ltr'><em>domus</em></span> <span class='ocrx_word' id='word_1_65' title='bbox 1741 667 1851 707; x_wconf 90' lang='lat' dir='ltr'><em>sicut</em></span> <span class='ocrx_word' id='word_1_66' title='bbox 1884 667 1996 706; x_wconf 88' lang='lat' dir='ltr'><em>locus</em></span> <span class='ocrx_word' id='word_1_67' title='bbox 2033 680 2050 710; x_wconf 88' lang='lat'><strong>5</strong></span> 
     </span>
     <span class='ocr_line' id='line_1_10' title="bbox 333 735 1998 795; baseline -0.005 -12"><span class='ocrx_word' id='word_1_68' title='bbox 333 744 476 783; x_wconf 86' lang='lat' dir='ltr'><em>silvae.</em></span> <span class='ocrx_word' id='word_1_69' title='bbox 513 743 572 782; x_wconf 86' lang='lat' dir='ltr'><em>Et</em></span> <span class='ocrx_word' id='word_1_70' title='bbox 609 748 710 795; x_wconf 86' lang='lat' dir='ltr'><em>post</em></span> <span class='ocrx_word' id='word_1_71' title='bbox 743 742 999 794; x_wconf 85' lang='lat' dir='ltr'><em>aliquanta:</em></span> <span class='ocrx_word' id='word_1_72' title='bbox 1035 741 1134 780; x_wconf 87' lang='lat' dir='ltr'><em>Heu</em></span> <span class='ocrx_word' id='word_1_73' title='bbox 1170 754 1244 789; x_wconf 89' lang='lat' dir='ltr'><em>me,</em></span> <span class='ocrx_word' id='word_1_74' title='bbox 1281 739 1384 792; x_wconf 89' lang='lat' dir='ltr'><em>quia</em></span> <span class='ocrx_word' id='word_1_75' title='bbox 1411 739 1565 790; x_wconf 87' lang='lat' dir='ltr'><em>factus</em></span> <span class='ocrx_word' id='word_1_76' title='bbox 1598 750 1694 776; x_wconf 84' lang='lat' dir='ltr'><em>sum</em></span> <span class='ocrx_word' id='word_1_77' title='bbox 1728 735 1806 789; x_wconf 89' lang='lat' dir='ltr'><em>qui</em></span> <span class='ocrx_word' id='word_1_78' title='bbox 1838 735 1998 788; x_wconf 74' lang='lat' dir='ltr'><em>colligit</em></span> 
     </span>
     <span class='ocr_line' id='line_1_11' title="bbox 333 805 1998 864; baseline -0.004 -13"><span class='ocrx_word' id='word_1_79' title='bbox 333 811 538 864; x_wconf 84' lang='lat' dir='ltr'><em>stipulam</em></span> <span class='ocrx_word' id='word_1_80' title='bbox 561 811 606 851; x_wconf 88' lang='lat' dir='ltr'><em>in</em></span> <span class='ocrx_word' id='word_1_81' title='bbox 630 825 758 851; x_wconf 91' lang='lat' dir='ltr'><em>messe</em></span> <span class='ocrx_word' id='word_1_82' title='bbox 777 817 818 850; x_wconf 88' lang='lat' dir='ltr'><em>et</em></span> <span class='ocrx_word' id='word_1_83' title='bbox 836 810 946 850; x_wconf 87' lang='lat' dir='ltr'><em>sicut</em></span> <span class='ocrx_word' id='word_1_84' title='bbox 976 823 1166 849; x_wconf 86' lang='lat' dir='ltr'><em>racemus</em></span> <span class='ocrx_word' id='word_1_85' title='bbox 1197 809 1242 849; x_wconf 90' lang='lat' dir='ltr'><em>in</em></span> <span class='ocrx_word' id='word_1_86' title='bbox 1274 808 1504 856; x_wconf 86' lang='lat' dir='ltr'><em>vindemia,</em></span> <span class='ocrx_word' id='word_1_87' title='bbox 1526 821 1620 847; x_wconf 87' lang='lat' dir='ltr'><em>cum</em></span> <span class='ocrx_word' id='word_1_88' title='bbox 1653 820 1734 846; x_wconf 89' lang='lat' dir='ltr'><em>non</em></span> <span class='ocrx_word' id='word_1_89' title='bbox 1765 805 1825 845; x_wconf 90' lang='lat' dir='ltr'><em>sit</em></span> <span class='ocrx_word' id='word_1_90' title='bbox 1854 805 1998 845; x_wconf 89' lang='lat' dir='ltr'><em>botrus</em></span> 
     </span>
     <span class='ocr_line' id='line_1_12' title="bbox 335 873 1998 931; baseline -0.004 -11"><span class='ocrx_word' id='word_1_91' title='bbox 335 880 398 920; x_wconf 85' lang='lat' dir='ltr'><em>ad</em></span> <span class='ocrx_word' id='word_1_92' title='bbox 418 880 765 920; x_wconf 88' lang='lat' dir='ltr'><em>manducandum</em></span> <span class='ocrx_word' id='word_1_93' title='bbox 789 878 1059 931; x_wconf 89' lang='lat' dir='ltr'><em>primitiva.1</em></span> <span class='ocrx_word' id='word_1_94' title='bbox 1118 877 1219 918; x_wconf 88' lang='lat' dir='ltr'><em>Heu</em></span> <span class='ocrx_word' id='word_1_95' title='bbox 1242 892 1306 918; x_wconf 91' lang='lat' dir='ltr'><em>me</em></span> <span class='ocrx_word' id='word_1_96' title='bbox 1337 877 1498 926; x_wconf 84' lang='lat' dir='ltr'><em>anima,</em></span> <span class='ocrx_word' id='word_1_97' title='bbox 1520 876 1624 929; x_wconf 84' lang='lat' dir='ltr'><em>quia</em></span> <span class='ocrx_word' id='word_1_98' title='bbox 1645 875 1784 928; x_wconf 88' lang='lat' dir='ltr'><em>periit</em></span> <span class='ocrx_word' id='word_1_99' title='bbox 1818 873 1998 914; x_wconf 89' lang='lat' dir='ltr'><em>terrenis</em></span> 
     </span>
     <span class='ocr_line' id='line_1_13' title="bbox 338 945 2000 1002; baseline -0.004 -13"><span class='ocrx_word' id='word_1_100' title='bbox 338 949 540 1002; x_wconf 74' lang='lat' dir='ltr'><em>operibus,</em></span> <span class='ocrx_word' id='word_1_101' title='bbox 560 955 724 1000; x_wconf 80' lang='lat' dir='ltr'><em>semper</em></span> <span class='ocrx_word' id='word_1_102' title='bbox 741 954 1009 1000; x_wconf 87' lang='lat' dir='ltr'><em>peccatorum</em></span> <span class='ocrx_word' id='word_1_103' title='bbox 1041 946 1278 987; x_wconf 87' lang='lat' dir='ltr'><em>reverentia</em></span> <span class='ocrx_word' id='word_1_104' title='bbox 1308 945 1501 986; x_wconf 72' lang='lat' dir='ltr'><em>exoritur</em></span> <span class='ocrx_word' id='word_1_105' title='bbox 1530 958 1723 984; x_wconf 87' lang='lat' dir='ltr'><em>reverens</em></span> <span class='ocrx_word' id='word_1_106' title='bbox 1753 958 1780 983; x_wconf 89' lang='lat' dir='ltr'><em>a</em></span> <span class='ocrx_word' id='word_1_107' title='bbox 1811 949 1938 990; x_wconf 87' lang='lat' dir='ltr'><em>terra,</em></span> <span class='ocrx_word' id='word_1_108' title='bbox 1959 948 2000 982; x_wconf 89' lang='lat' dir='ltr'><em>et</em></span> 
     </span>
     <span class='ocr_line' id='line_1_14' title="bbox 337 1011 2055 1070; baseline -0.004 -13"><span class='ocrx_word' id='word_1_109' title='bbox 337 1017 415 1070; x_wconf 86' lang='lat' dir='ltr'><em>qui</em></span> <span class='ocrx_word' id='word_1_110' title='bbox 443 1016 631 1069; x_wconf 74' lang='lat' dir='ltr'><em>corrigat</em></span> <span class='ocrx_word' id='word_1_111' title='bbox 666 1016 780 1056; x_wconf 83' lang='lat' dir='ltr'><em>inter</em></span> <span class='ocrx_word' id='word_1_112' title='bbox 809 1015 1008 1065; x_wconf 79' lang='lat' dir='ltr'><em>liomines,</em></span> <span class='ocrx_word' id='word_1_113' title='bbox 1031 1029 1112 1054; x_wconf 88' lang='lat' dir='ltr'><em>non</em></span> <span class='ocrx_word' id='word_1_114' title='bbox 1148 1021 1221 1054; x_wconf 87' lang='lat' dir='ltr'><em>est.</em></span> <span class='ocrx_word' id='word_1_115' title='bbox 1287 1014 1443 1056; x_wconf 85' lang='lat' dir='ltr'><em>Omnes</em></span> <span class='ocrx_word' id='word_1_116' title='bbox 1479 1013 1523 1054; x_wconf 90' lang='lat' dir='ltr'><em>in</em></span> <span class='ocrx_word' id='word_1_117' title='bbox 1552 1012 1806 1065; x_wconf 84' lang='lat' dir='ltr'><em>sanguinem</em></span> <span class='ocrx_word' id='word_1_118' title='bbox 1843 1011 1998 1051; x_wconf 90' lang='lat' dir='ltr'><em>iudicio</em></span> <span class='ocrx_word' id='word_1_119' title='bbox 2018 1025 2055 1046; x_wconf 94' lang='lat'><em>10</em></span> 
     </span>
     <span class='ocr_line' id='line_1_15' title="bbox 337 1079 1998 1137; baseline -0.004 -12"><span class='ocrx_word' id='word_1_120' title='bbox 337 1085 601 1135; x_wconf 87' lang='lat' dir='ltr'><em>contendunt,</em></span> <span class='ocrx_word' id='word_1_121' title='bbox 622 1091 662 1125; x_wconf 92' lang='lat' dir='ltr'><em>et</em></span> <span class='ocrx_word' id='word_1_122' title='bbox 681 1084 971 1137; x_wconf 84' lang='lat' dir='ltr'><em>unusquisque</em></span> <span class='ocrx_word' id='word_1_123' title='bbox 981 1083 1232 1136; x_wconf 78' lang='lat' dir='ltr'><em>proximum</em></span> <span class='ocrx_word' id='word_1_124' title='bbox 1253 1097 1379 1123; x_wconf 89' lang='lat' dir='ltr'><em>suum</em></span> <span class='ocrx_word' id='word_1_125' title='bbox 1403 1082 1676 1122; x_wconf 84' lang='lat' dir='ltr'><em>tribulatione</em></span> <span class='ocrx_word' id='word_1_126' title='bbox 1696 1080 1934 1129; x_wconf 86' lang='lat' dir='ltr'><em>tribulavit,</em></span> <span class='ocrx_word' id='word_1_127' title='bbox 1952 1079 1998 1119; x_wconf 90' lang='lat' dir='ltr'><em>in</em></span> 
     </span>
     <span class='ocr_line' id='line_1_16' title="bbox 339 1154 1061 1205; baseline -0.001 -12"><span class='ocrx_word' id='word_1_128' title='bbox 339 1154 503 1194; x_wconf 88' lang='lat' dir='ltr'><em>malum</em></span> <span class='ocrx_word' id='word_1_129' title='bbox 525 1167 681 1193; x_wconf 87' lang='lat' dir='ltr'><em>manus</em></span> <span class='ocrx_word' id='word_1_130' title='bbox 700 1167 803 1192; x_wconf 89' lang='lat' dir='ltr'><em>suas</em></span> <span class='ocrx_word' id='word_1_131' title='bbox 813 1158 1061 1205; x_wconf 86' lang='lat' dir='ltr'><em>praeparat.</em></span> 
     </span>
    </p>

    <p class='ocr_par' dir='ltr' id='par_1_6' title="bbox 335 1209 2080 1954">
     <span class='ocr_line' id='line_1_17' title="bbox 428 1209 2080 1276; baseline -0.004 -14"><span class='ocrx_word' id='word_1_132' title='bbox 428 1222 547 1276; x_wconf 77' lang='lat' dir='ltr'><em>Quid</em></span> <span class='ocrx_word' id='word_1_133' title='bbox 571 1222 823 1275; x_wconf 83' lang='lat' dir='ltr'><em>Sophonias</em></span> <span class='ocrx_word' id='word_1_134' title='bbox 845 1222 979 1261; x_wconf 88' lang='lat' dir='ltr'><em>etiam</em></span> <span class='ocrx_word' id='word_1_135' title='bbox 1002 1220 1219 1275; x_wconf 88' lang='lat' dir='ltr'><em>propheta</em></span> <span class='ocrx_word' id='word_1_136' title='bbox 1236 1220 1438 1273; x_wconf 82' lang='lat' dir='ltr'><em>egregius</em></span> <span class='ocrx_word' id='word_1_137' title='bbox 1460 1220 1516 1260; x_wconf 91' lang='lat' dir='ltr'><em>de</em></span> <span class='ocrx_word' id='word_1_138' title='bbox 1533 1219 1687 1259; x_wconf 86' lang='lat' dir='ltr'><em>vestris</em></span> <span class='ocrx_word' id='word_1_139' title='bbox 1708 1218 1812 1258; x_wconf 89' lang='lat' dir='ltr'><em>olim</em></span> <span class='ocrx_word' id='word_1_140' title='bbox 1831 1230 1997 1257; x_wconf 89' lang='lat' dir='ltr'><em>comes-</em></span> <span class='ocrx_word' id='word_1_141' title='bbox 2021 1209 2080 1267; x_wconf 82' lang='lat'><em>87</em></span> 
     </span>
     <span class='ocr_line' id='line_1_18' title="bbox 339 1288 2001 1346; baseline -0.004 -12"><span class='ocrx_word' id='word_1_142' title='bbox 339 1293 527 1334; x_wconf 77' lang='lat' dir='ltr'><em>soribus2</em></span> <span class='ocrx_word' id='word_1_143' title='bbox 540 1293 863 1346; x_wconf 81' lang='lat' dir='ltr'><em>disceptaverit,</em></span> <span class='ocrx_word' id='word_1_144' title='bbox 885 1293 1115 1341; x_wconf 88' lang='lat' dir='ltr'><em>attendite,</em></span> <span class='ocrx_word' id='word_1_145' title='bbox 1136 1292 1191 1331; x_wconf 89' lang='lat' dir='ltr'><em>de</em></span> <span class='ocrx_word' id='word_1_146' title='bbox 1216 1290 1494 1331; x_wconf 78' lang='lat' dir='ltr'><em>Hierusalem</em></span> <span class='ocrx_word' id='word_1_147' title='bbox 1519 1303 1710 1342; x_wconf 87' lang='lat' dir='ltr'><em>namque</em></span> <span class='ocrx_word' id='word_1_148' title='bbox 1728 1288 2001 1341; x_wconf 81' lang='lat' dir='ltr'><em>loquebatur,</em></span> 
     </span>
     <span class='ocr_line' id='line_1_19' title="bbox 341 1358 2057 1415; baseline -0.004 -13"><span class='ocrx_word' id='word_1_149' title='bbox 341 1376 454 1415; x_wconf 85' lang='lat' dir='ltr'><em>quae</em></span> <span class='ocrx_word' id='word_1_150' title='bbox 485 1361 740 1414; x_wconf 79' lang='lat' dir='ltr'><em>spiritaliter</em></span> <span class='ocrx_word' id='word_1_151' title='bbox 771 1361 955 1401; x_wconf 87' lang='lat' dir='ltr'><em>ecclesia</em></span> <span class='ocrx_word' id='word_1_152' title='bbox 976 1360 1044 1400; x_wconf 88' lang='lat' dir='ltr'><em>vel</em></span> <span class='ocrx_word' id='word_1_153' title='bbox 1077 1360 1227 1399; x_wconf 88' lang='lat' dir='ltr'><em>anima</em></span> <span class='ocrx_word' id='word_1_154' title='bbox 1259 1359 1553 1412; x_wconf 81' lang='lat' dir='ltr'><em>intellegitur:</em></span> <span class='ocrx_word' id='word_1_155' title='bbox 1589 1358 1637 1408; x_wconf 84' lang='lat' dir='ltr'><em>O,</em></span> <span class='ocrx_word' id='word_1_156' title='bbox 1659 1358 1873 1410; x_wconf 87' lang='lat' dir='ltr'><em>inquiens,</em></span> <span class='ocrx_word' id='word_1_157' title='bbox 1895 1369 2003 1411; x_wconf 89' lang='lat' dir='ltr'><em>quae</em></span> <span class='ocrx_word' id='word_1_158' title='bbox 2021 1365 2057 1394; x_wconf 85' lang='lat'><em>15</em></span> 
     </span>
     <span class='ocr_line' id='line_1_20' title="bbox 341 1423 2005 1483; baseline -0.004 -12"><span class='ocrx_word' id='word_1_159' title='bbox 341 1437 435 1471; x_wconf 88' lang='lat' dir='ltr'><em>erat</em></span> <span class='ocrx_word' id='word_1_160' title='bbox 463 1430 686 1483; x_wconf 90' lang='lat' dir='ltr'><em>splendida</em></span> <span class='ocrx_word' id='word_1_161' title='bbox 717 1436 757 1471; x_wconf 90' lang='lat' dir='ltr'><em>et</em></span> <span class='ocrx_word' id='word_1_162' title='bbox 785 1430 966 1470; x_wconf 87' lang='lat' dir='ltr'><em>liberata</em></span> <span class='ocrx_word' id='word_1_163' title='bbox 996 1428 1161 1477; x_wconf 85' lang='lat' dir='ltr'><em>civitas,</em></span> <span class='ocrx_word' id='word_1_164' title='bbox 1192 1427 1403 1481; x_wconf 87' lang='lat' dir='ltr'><em>confidens</em></span> <span class='ocrx_word' id='word_1_165' title='bbox 1432 1426 1632 1474; x_wconf 88' lang='lat' dir='ltr'><em>columba,</em></span> <span class='ocrx_word' id='word_1_166' title='bbox 1664 1440 1745 1466; x_wconf 88' lang='lat' dir='ltr'><em>non</em></span> <span class='ocrx_word' id='word_1_167' title='bbox 1781 1423 2005 1465; x_wconf 82' lang='lat' dir='ltr'><em>obaudivit</em></span> 
     </span>
     <span class='ocr_line' id='line_1_21' title="bbox 342 1493 2002 1552; baseline -0.005 -11"><span class='ocrx_word' id='word_1_168' title='bbox 342 1515 477 1541; x_wconf 89' lang='lat' dir='ltr'><em>vocem</em></span> <span class='ocrx_word' id='word_1_169' title='bbox 501 1514 572 1540; x_wconf 88' lang='lat' dir='ltr'><em>nec</em></span> <span class='ocrx_word' id='word_1_170' title='bbox 575 1499 763 1552; x_wconf 89' lang='lat' dir='ltr'><em>percepit</em></span> <span class='ocrx_word' id='word_1_171' title='bbox 781 1498 1065 1550; x_wconf 76' lang='lat' dir='ltr'><em>disciplinam,</em></span> <span class='ocrx_word' id='word_1_172' title='bbox 1087 1497 1132 1537; x_wconf 89' lang='lat' dir='ltr'><em>in</em></span> <span class='ocrx_word' id='word_1_173' title='bbox 1154 1496 1342 1537; x_wconf 91' lang='lat' dir='ltr'><em>Domino</em></span> <span class='ocrx_word' id='word_1_174' title='bbox 1364 1510 1445 1536; x_wconf 90' lang='lat' dir='ltr'><em>non</em></span> <span class='ocrx_word' id='word_1_175' title='bbox 1467 1496 1623 1549; x_wconf 85' lang='lat' dir='ltr'><em>confisa</em></span> <span class='ocrx_word' id='word_1_176' title='bbox 1643 1501 1705 1535; x_wconf 92' lang='lat' dir='ltr'><em>est</em></span> <span class='ocrx_word' id='word_1_177' title='bbox 1724 1501 1765 1534; x_wconf 91' lang='lat' dir='ltr'><em>et</em></span> <span class='ocrx_word' id='word_1_178' title='bbox 1783 1494 1846 1534; x_wconf 91' lang='lat' dir='ltr'><em>ad</em></span> <span class='ocrx_word' id='word_1_179' title='bbox 1861 1493 2002 1533; x_wconf 89' lang='lat' dir='ltr'><em>Deum</em></span> 
     </span>
     <span class='ocr_line' id='line_1_22' title="bbox 341 1562 2003 1619; baseline -0.005 -9"><span class='ocrx_word' id='word_1_180' title='bbox 341 1584 468 1610; x_wconf 89' lang='lat' dir='ltr'><em>suum</em></span> <span class='ocrx_word' id='word_1_181' title='bbox 501 1583 582 1609; x_wconf 90' lang='lat' dir='ltr'><em>non</em></span> <span class='ocrx_word' id='word_1_182' title='bbox 614 1568 791 1608; x_wconf 85' lang='lat' dir='ltr'><em>accessit.</em></span> <span class='ocrx_word' id='word_1_183' title='bbox 854 1568 914 1608; x_wconf 84' lang='lat' dir='ltr'><em>Et</em></span> <span class='ocrx_word' id='word_1_184' title='bbox 936 1568 979 1607; x_wconf 88' lang='lat' dir='ltr'><em>id</em></span> <span class='ocrx_word' id='word_1_185' title='bbox 1003 1580 1149 1619; x_wconf 87' lang='lat' dir='ltr'><em>quare,</em></span> <span class='ocrx_word' id='word_1_186' title='bbox 1171 1566 1396 1606; x_wconf 84' lang='lat' dir='ltr'><em>ostendit:</em></span> <span class='ocrx_word' id='word_1_187' title='bbox 1427 1565 1653 1617; x_wconf 83' lang='lat' dir='ltr'><em>Principes</em></span> <span class='ocrx_word' id='word_1_188' title='bbox 1683 1564 1775 1604; x_wconf 89' lang='lat' dir='ltr'><em>eius</em></span> <span class='ocrx_word' id='word_1_189' title='bbox 1804 1563 1915 1603; x_wconf 91' lang='lat' dir='ltr'><em>sicut</em></span> <span class='ocrx_word' id='word_1_190' title='bbox 1944 1562 2003 1602; x_wconf 88' lang='lat' dir='ltr'><em>leo</em></span> 
     </span>
     <span class='ocr_line' id='line_1_23' title="bbox 344 1633 2004 1692; baseline -0.005 -13"><span class='ocrx_word' id='word_1_191' title='bbox 344 1639 568 1692; x_wconf 74' lang='lat' dir='ltr'><em>rugientes,</em></span> <span class='ocrx_word' id='word_1_192' title='bbox 590 1637 746 1678; x_wconf 86' lang='lat' dir='ltr'><em>iudices</em></span> <span class='ocrx_word' id='word_1_193' title='bbox 774 1637 884 1676; x_wconf 88' lang='lat' dir='ltr'><em>sicut</em></span> <span class='ocrx_word' id='word_1_194' title='bbox 913 1636 1007 1688; x_wconf 85' lang='lat' dir='ltr'><em>lupi</em></span> <span class='ocrx_word' id='word_1_195' title='bbox 1024 1635 1234 1675; x_wconf 78' lang='lat' dir='ltr'><em>Arabiae3</em></span> <span class='ocrx_word' id='word_1_196' title='bbox 1256 1649 1336 1675; x_wconf 90' lang='lat' dir='ltr'><em>non</em></span> <span class='ocrx_word' id='word_1_197' title='bbox 1365 1633 1659 1687; x_wconf 78' lang='lat' dir='ltr'><em>relinquebant</em></span> <span class='ocrx_word' id='word_1_198' title='bbox 1678 1633 1723 1672; x_wconf 86' lang='lat' dir='ltr'><em>in</em></span> <span class='ocrx_word' id='word_1_199' title='bbox 1745 1645 1880 1681; x_wconf 88' lang='lat' dir='ltr'><em>mane,</em></span> <span class='ocrx_word' id='word_1_200' title='bbox 1902 1638 2004 1684; x_wconf 91' lang='lat' dir='ltr'><em>pro-</em></span> 
     </span>
     <span class='ocr_line' id='line_1_24' title="bbox 335 1700 2061 1761; baseline -0.005 -13"><span class='ocrx_word' id='word_1_201' title='bbox 335 1708 489 1761; x_wconf 82' lang='lat' dir='ltr'><em>plietae</em></span> <span class='ocrx_word' id='word_1_202' title='bbox 529 1707 620 1747; x_wconf 86' lang='lat' dir='ltr'><em>eius</em></span> <span class='ocrx_word' id='word_1_203' title='bbox 659 1706 863 1758; x_wconf 88' lang='lat' dir='ltr'><em>spiritum</em></span> <span class='ocrx_word' id='word_1_204' title='bbox 895 1711 1120 1757; x_wconf 88' lang='lat' dir='ltr'><em>portantes</em></span> <span class='ocrx_word' id='word_1_205' title='bbox 1160 1703 1252 1743; x_wconf 88' lang='lat' dir='ltr'><em>viri</em></span> <span class='ocrx_word' id='word_1_206' title='bbox 1288 1702 1594 1755; x_wconf 84' lang='lat' dir='ltr'><em>contemptoris,</em></span> <span class='ocrx_word' id='word_1_207' title='bbox 1633 1701 1865 1741; x_wconf 85' lang='lat' dir='ltr'><em>sacerdotes</em></span> <span class='ocrx_word' id='word_1_208' title='bbox 1914 1700 2006 1740; x_wconf 88' lang='lat' dir='ltr'><em>eius</em></span> <span class='ocrx_word' id='word_1_209' title='bbox 2022 1716 2061 1735; x_wconf 88' lang='lat'><em>20</em></span> 
     </span>
     <span class='ocr_line' id='line_1_25' title="bbox 335 1771 2005 1829; baseline -0.005 -13"><span class='ocrx_word' id='word_1_210' title='bbox 335 1775 632 1829; x_wconf 85' lang='lat' dir='ltr'><em>profanabant</em></span> <span class='ocrx_word' id='word_1_211' title='bbox 650 1781 797 1814; x_wconf 85' lang='lat' dir='ltr'><em>sancta</em></span> <span class='ocrx_word' id='word_1_212' title='bbox 813 1780 853 1814; x_wconf 83' lang='lat' dir='ltr'><em>et</em></span> <span class='ocrx_word' id='word_1_213' title='bbox 873 1773 1001 1825; x_wconf 87' lang='lat' dir='ltr'><em>impie</em></span> <span class='ocrx_word' id='word_1_214' title='bbox 1021 1773 1205 1824; x_wconf 77' lang='lat' dir='ltr'><em>agebant</em></span> <span class='ocrx_word' id='word_1_215' title='bbox 1225 1772 1270 1811; x_wconf 90' lang='lat' dir='ltr'><em>in</em></span> <span class='ocrx_word' id='word_1_216' title='bbox 1292 1772 1387 1824; x_wconf 87' lang='lat' dir='ltr'><em>lege.</em></span> <span class='ocrx_word' id='word_1_217' title='bbox 1463 1771 1680 1811; x_wconf 84' lang='lat' dir='ltr'><em>Dominus</em></span> <span class='ocrx_word' id='word_1_218' title='bbox 1701 1776 1842 1809; x_wconf 87' lang='lat' dir='ltr'><em>autem</em></span> <span class='ocrx_word' id='word_1_219' title='bbox 1866 1771 2005 1809; x_wconf 89' lang='lat' dir='ltr'><em>iustus</em></span> 
     </span>
     <span class='ocr_line' id='line_1_26' title="bbox 346 1838 2004 1894; baseline -0.004 -10"><span class='ocrx_word' id='word_1_220' title='bbox 346 1845 391 1885; x_wconf 91' lang='lat' dir='ltr'><em>in</em></span> <span class='ocrx_word' id='word_1_221' title='bbox 425 1844 560 1884; x_wconf 86' lang='lat' dir='ltr'><em>medio</em></span> <span class='ocrx_word' id='word_1_222' title='bbox 595 1843 686 1884; x_wconf 87' lang='lat' dir='ltr'><em>eius</em></span> <span class='ocrx_word' id='word_1_223' title='bbox 705 1850 746 1883; x_wconf 89' lang='lat' dir='ltr'><em>et</em></span> <span class='ocrx_word' id='word_1_224' title='bbox 778 1857 858 1883; x_wconf 92' lang='lat' dir='ltr'><em>non</em></span> <span class='ocrx_word' id='word_1_225' title='bbox 879 1843 1022 1894; x_wconf 87' lang='lat' dir='ltr'><em>faciet</em></span> <span class='ocrx_word' id='word_1_226' title='bbox 1057 1841 1298 1881; x_wconf 83' lang='lat' dir='ltr'><em>iniustum:</em></span> <span class='ocrx_word' id='word_1_227' title='bbox 1329 1854 1454 1880; x_wconf 87' lang='lat' dir='ltr'><em>mane</em></span> <span class='ocrx_word' id='word_1_228' title='bbox 1486 1854 1611 1880; x_wconf 88' lang='lat' dir='ltr'><em>mane</em></span> <span class='ocrx_word' id='word_1_229' title='bbox 1645 1839 1767 1879; x_wconf 89' lang='lat' dir='ltr'><em>dabit</em></span> <span class='ocrx_word' id='word_1_230' title='bbox 1798 1838 2004 1878; x_wconf 86' lang='lat' dir='ltr'><em>iudicium</em></span> 
     </span>
     <span class='ocr_line' id='line_1_27' title="bbox 345 1928 481 1954; baseline -0.007 0"><span class='ocrx_word' id='word_1_231' title='bbox 345 1928 481 1954; x_wconf 87' lang='lat' dir='ltr'><em>suum.</em></span> 
     </span>
    </p>

    <p class='ocr_par' dir='ltr' id='par_1_7' title="bbox 435 1971 2087 2032">
     <span class='ocr_line' id='line_1_28' title="bbox 435 1971 2087 2032; baseline -0.005 -9"><span class='ocrx_word' id='word_1_232' title='bbox 435 1982 523 2023; x_wconf 82' lang='lat' dir='ltr'><em>Sed</em></span> <span class='ocrx_word' id='word_1_233' title='bbox 556 1988 600 2022; x_wconf 90' lang='lat' dir='ltr'><em>et</em></span> <span class='ocrx_word' id='word_1_234' title='bbox 631 1982 809 2021; x_wconf 88' lang='lat' dir='ltr'><em>beatum</em></span> <span class='ocrx_word' id='word_1_235' title='bbox 844 1980 1103 2021; x_wconf 85' lang='lat' dir='ltr'><em>Zachariam</em></span> <span class='ocrx_word' id='word_1_236' title='bbox 1138 1979 1402 2032; x_wconf 89' lang='lat' dir='ltr'><em>prophetam</em></span> <span class='ocrx_word' id='word_1_237' title='bbox 1429 1984 1681 2018; x_wconf 86' lang='lat' dir='ltr'><em>monentem</em></span> <span class='ocrx_word' id='word_1_238' title='bbox 1705 1991 1782 2017; x_wconf 88' lang='lat' dir='ltr'><em>vos</em></span> <span class='ocrx_word' id='word_1_239' title='bbox 1806 1977 1848 2016; x_wconf 89' lang='lat' dir='ltr'><em>in</em></span> <span class='ocrx_word' id='word_1_240' title='bbox 1871 1975 2006 2016; x_wconf 82' lang='lat' dir='ltr'><em>verbo</em></span> <span class='ocrx_word' id='word_1_241' title='bbox 2026 1971 2087 2016; x_wconf 82' lang='grc'><em>88</em></span> 
     </span>
    </p>
   </div>
   <div class='ocr_carea' id='block_1_6' title="bbox 63 2045 2062 2100">
    <p class='ocr_par' dir='ltr' id='par_1_8' title="bbox 63 2045 2062 2100">
     <span class='ocr_line' id='line_1_29' title="bbox 63 2045 2062 2100; baseline -0.005 -8"><span class='ocrx_word' id='word_1_242' title='bbox 63 2059 158 2089; x_wconf 76' lang='lat' dir='ltr'><em>Zach.</em></span> <span class='ocrx_word' id='word_1_243' title='bbox 176 2059 226 2092; x_wconf 80' lang='lat' dir='ltr'><em>vii,</em></span> <span class='ocrx_word' id='word_1_244' title='bbox 243 2068 326 2096; x_wconf 89' lang='lat'><strong>9-12-</strong></span> <span class='ocrx_word' id='word_1_245' title='bbox 347 2052 431 2092; x_wconf 90' lang='lat' dir='ltr'><em>Dei</em></span> <span class='ocrx_word' id='word_1_246' title='bbox 455 2051 604 2091; x_wconf 86' lang='lat' dir='ltr'><em>audite</em></span> <span class='ocrx_word' id='word_1_247' title='bbox 626 2065 633 2090; x_wconf 91' lang='lat'><strong>:</strong></span> <span class='ocrx_word' id='word_1_248' title='bbox 667 2050 787 2089; x_wconf 79' lang='lat' dir='ltr'><em>Haec</em></span> <span class='ocrx_word' id='word_1_249' title='bbox 805 2049 917 2089; x_wconf 88' lang='lat' dir='ltr'><em>enim</em></span> <span class='ocrx_word' id='word_1_250' title='bbox 940 2048 1045 2088; x_wconf 84' lang='lat' dir='ltr'><em>dicit</em></span> <span class='ocrx_word' id='word_1_251' title='bbox 1063 2047 1322 2100; x_wconf 79' lang='lat' dir='ltr'><em>omnipotens</em></span> <span class='ocrx_word' id='word_1_252' title='bbox 1343 2046 1560 2087; x_wconf 85' lang='lat' dir='ltr'><em>Dominus</em></span> <span class='ocrx_word' id='word_1_253' title='bbox 1577 2062 1591 2087; x_wconf 92' lang='lat'><em>.·</em></span> <span class='ocrx_word' id='word_1_254' title='bbox 1614 2045 1820 2086; x_wconf 89' lang='lat' dir='ltr'><em>iudicium</em></span> <span class='ocrx_word' id='word_1_255' title='bbox 1844 2045 2005 2084; x_wconf 90' lang='lat' dir='ltr'><em>iustum</em></span> <span class='ocrx_word' id='word_1_256' title='bbox 2024 2060 2062 2089; x_wconf 87' lang='lat'><em>25</em></span> 
     </span>
    </p>
   </div>
   <div class='ocr_carea' id='block_1_7' title="bbox 71 2673 302 2710">
    <p class='ocr_par' dir='ltr' id='par_1_9' title="bbox 71 2673 302 2710">
     <span class='ocr_line' id='line_1_30' title="bbox 71 2673 302 2710; baseline 0.009 -9"><span class='ocrx_word' id='word_1_257' title='bbox 71 2673 163 2702; x_wconf 82' lang='lat' dir='ltr'><em>Zach.</em></span> <span class='ocrx_word' id='word_1_258' title='bbox 183 2683 211 2707; x_wconf 86' lang='lat' dir='ltr'><em>x,</em></span> <span class='ocrx_word' id='word_1_259' title='bbox 230 2683 256 2707; x_wconf 83' lang='lat'><em>2,</em></span> <span class='ocrx_word' id='word_1_260' title='bbox 275 2682 302 2710; x_wconf 86' lang='lat'><em>3.</em></span> 
     </span>
    </p>
   </div>
   <div class='ocr_carea' id='block_1_8' title="bbox 334 2113 2066 2721">
    <p class='ocr_par' dir='ltr' id='par_1_10' title="bbox 334 2113 2066 2721">
     <span class='ocr_line' id='line_1_31' title="bbox 346 2113 2012 2168; baseline -0.004 -8"><span class='ocrx_word' id='word_1_261' title='bbox 346 2120 529 2160; x_wconf 89' lang='lat' dir='ltr'><em>iudicate</em></span> <span class='ocrx_word' id='word_1_262' title='bbox 568 2126 609 2159; x_wconf 90' lang='lat' dir='ltr'><em>et</em></span> <span class='ocrx_word' id='word_1_263' title='bbox 647 2118 983 2159; x_wconf 86' lang='lat' dir='ltr'><em>misericordiam</em></span> <span class='ocrx_word' id='word_1_264' title='bbox 1024 2123 1065 2157; x_wconf 87' lang='lat' dir='ltr'><em>et</em></span> <span class='ocrx_word' id='word_1_265' title='bbox 1104 2116 1417 2156; x_wconf 89' lang='lat' dir='ltr'><em>miserationem</em></span> <span class='ocrx_word' id='word_1_266' title='bbox 1446 2115 1585 2168; x_wconf 88' lang='lat' dir='ltr'><em>facite</em></span> <span class='ocrx_word' id='word_1_267' title='bbox 1620 2114 1910 2167; x_wconf 89' lang='lat' dir='ltr'><em>unusquisque</em></span> <span class='ocrx_word' id='word_1_268' title='bbox 1950 2113 2012 2153; x_wconf 91' lang='lat' dir='ltr'><em>ad</em></span> 
     </span>
     <span class='ocr_line' id='line_1_32' title="bbox 334 2184 2012 2240; baseline -0.004 -11"><span class='ocrx_word' id='word_1_269' title='bbox 334 2190 529 2240; x_wconf 88' lang='lat' dir='ltr'><em>fratrem</em></span> <span class='ocrx_word' id='word_1_270' title='bbox 562 2202 700 2237; x_wconf 84' lang='lat' dir='ltr'><em>suum,</em></span> <span class='ocrx_word' id='word_1_271' title='bbox 721 2194 762 2227; x_wconf 89' lang='lat' dir='ltr'><em>et</em></span> <span class='ocrx_word' id='word_1_272' title='bbox 790 2187 969 2227; x_wconf 88' lang='lat' dir='ltr'><em>viduam</em></span> <span class='ocrx_word' id='word_1_273' title='bbox 1004 2193 1044 2226; x_wconf 88' lang='lat' dir='ltr'><em>et</em></span> <span class='ocrx_word' id='word_1_274' title='bbox 1073 2187 1275 2237; x_wconf 71' lang='lat' dir='ltr'><em>o7fanum</em></span> <span class='ocrx_word' id='word_1_275' title='bbox 1301 2191 1342 2225; x_wconf 90' lang='lat' dir='ltr'><em>et</em></span> <span class='ocrx_word' id='word_1_276' title='bbox 1367 2184 1579 2225; x_wconf 89' lang='lat' dir='ltr'><em>advenam</em></span> <span class='ocrx_word' id='word_1_277' title='bbox 1607 2190 1648 2224; x_wconf 89' lang='lat' dir='ltr'><em>et</em></span> <span class='ocrx_word' id='word_1_278' title='bbox 1667 2190 1899 2236; x_wconf 89' lang='lat' dir='ltr'><em>pauperem</em></span> <span class='ocrx_word' id='word_1_279' title='bbox 1927 2189 2012 2235; x_wconf 88' lang='lat' dir='ltr'><em>per</em></span> 
     </span>
     <span class='ocr_line' id='line_1_33' title="bbox 337 2252 2007 2310; baseline -0.004 -12"><span class='ocrx_word' id='word_1_280' title='bbox 337 2257 574 2310; x_wconf 87' lang='lat' dir='ltr'><em>potentiam</em></span> <span class='ocrx_word' id='word_1_281' title='bbox 617 2257 744 2297; x_wconf 90' lang='lat' dir='ltr'><em>nolite</em></span> <span class='ocrx_word' id='word_1_282' title='bbox 785 2271 924 2296; x_wconf 89' lang='lat' dir='ltr'><em>nocere</em></span> <span class='ocrx_word' id='word_1_283' title='bbox 963 2262 1003 2296; x_wconf 92' lang='lat' dir='ltr'><em>et</em></span> <span class='ocrx_word' id='word_1_284' title='bbox 1043 2255 1260 2296; x_wconf 88' lang='lat' dir='ltr'><em>malitiam</em></span> <span class='ocrx_word' id='word_1_285' title='bbox 1303 2254 1593 2307; x_wconf 86' lang='lat' dir='ltr'><em>unusquisque</em></span> <span class='ocrx_word' id='word_1_286' title='bbox 1621 2253 1789 2305; x_wconf 83' lang='lat' dir='ltr'><em>fratris</em></span> <span class='ocrx_word' id='word_1_287' title='bbox 1819 2252 1893 2292; x_wconf 86' lang='lat' dir='ltr'><em>sui</em></span> <span class='ocrx_word' id='word_1_288' title='bbox 1925 2266 2007 2291; x_wconf 92' lang='lat' dir='ltr'><em>non</em></span> 
     </span>
     <span class='ocr_line' id='line_1_34' title="bbox 347 2322 2011 2375; baseline -0.004 -8"><span class='ocrx_word' id='word_1_289' title='bbox 347 2327 650 2367; x_wconf 88' lang='lat' dir='ltr'><em>reminiscatur</em></span> <span class='ocrx_word' id='word_1_290' title='bbox 679 2326 724 2366; x_wconf 91' lang='lat' dir='ltr'><em>in</em></span> <span class='ocrx_word' id='word_1_291' title='bbox 756 2326 874 2366; x_wconf 88' lang='lat' dir='ltr'><em>corde</em></span> <span class='ocrx_word' id='word_1_292' title='bbox 904 2340 1008 2365; x_wconf 86' lang='lat' dir='ltr'><em>suo:</em></span> <span class='ocrx_word' id='word_1_293' title='bbox 1039 2331 1080 2364; x_wconf 91' lang='lat' dir='ltr'><em>et</em></span> <span class='ocrx_word' id='word_1_294' title='bbox 1099 2330 1359 2364; x_wconf 86' lang='lat' dir='ltr'><em>contumaces</em></span> <span class='ocrx_word' id='word_1_295' title='bbox 1375 2325 1575 2375; x_wconf 76' lang='lat' dir='ltr'><em>suerunt,</em></span> <span class='ocrx_word' id='word_1_296' title='bbox 1598 2337 1648 2362; x_wconf 91' lang='lat' dir='ltr'><em>ne</em></span> <span class='ocrx_word' id='word_1_297' title='bbox 1669 2322 1949 2370; x_wconf 89' lang='lat' dir='ltr'><em>observarent,</em></span> <span class='ocrx_word' id='word_1_298' title='bbox 1970 2327 2011 2360; x_wconf 94' lang='lat' dir='ltr'><em>et</em></span> 
     </span>
     <span class='ocr_line' id='line_1_35' title="bbox 348 2393 2066 2445; baseline -0.005 -9"><span class='ocrx_word' id='word_1_299' title='bbox 348 2396 555 2436; x_wconf 89' lang='lat' dir='ltr'><em>dederunt</em></span> <span class='ocrx_word' id='word_1_300' title='bbox 584 2395 756 2435; x_wconf 89' lang='lat' dir='ltr'><em>dorsum</em></span> <span class='ocrx_word' id='word_1_301' title='bbox 788 2394 999 2434; x_wconf 85' lang='lat' dir='ltr'><em>stultitiae</em></span> <span class='ocrx_word' id='word_1_302' title='bbox 1039 2400 1079 2434; x_wconf 90' lang='lat' dir='ltr'><em>et</em></span> <span class='ocrx_word' id='word_1_303' title='bbox 1118 2407 1245 2433; x_wconf 88' lang='lat' dir='ltr'><em>aures</em></span> <span class='ocrx_word' id='word_1_304' title='bbox 1283 2407 1387 2432; x_wconf 91' lang='lat' dir='ltr'><em>suas</em></span> <span class='ocrx_word' id='word_1_305' title='bbox 1427 2393 1786 2445; x_wconf 76' lang='lat' dir='ltr'><em>degravaverunt,</em></span> <span class='ocrx_word' id='word_1_306' title='bbox 1828 2397 1878 2430; x_wconf 86' lang='lat' dir='ltr'><em>ut</em></span> <span class='ocrx_word' id='word_1_307' title='bbox 1926 2404 2007 2430; x_wconf 92' lang='lat' dir='ltr'><em>non</em></span> <span class='ocrx_word' id='word_1_308' title='bbox 2027 2406 2066 2434; x_wconf 83' lang='lat'><em>30</em></span> 
     </span>
     <span class='ocr_line' id='line_1_36' title="bbox 349 2460 2008 2513; baseline -0.004 -9"><span class='ocrx_word' id='word_1_309' title='bbox 349 2465 560 2513; x_wconf 87' lang='lat' dir='ltr'><em>audirent,</em></span> <span class='ocrx_word' id='word_1_310' title='bbox 581 2470 622 2504; x_wconf 92' lang='lat' dir='ltr'><em>et</em></span> <span class='ocrx_word' id='word_1_311' title='bbox 640 2478 711 2503; x_wconf 93' lang='lat' dir='ltr'><em>cor</em></span> <span class='ocrx_word' id='word_1_312' title='bbox 727 2477 853 2503; x_wconf 87' lang='lat' dir='ltr'><em>suum</em></span> <span class='ocrx_word' id='word_1_313' title='bbox 875 2468 1122 2503; x_wconf 88' lang='lat' dir='ltr'><em>statuerunt</em></span> <span class='ocrx_word' id='word_1_314' title='bbox 1143 2461 1411 2511; x_wconf 86' lang='lat' dir='ltr'><em>insuadibile,</em></span> <span class='ocrx_word' id='word_1_315' title='bbox 1425 2475 1475 2500; x_wconf 83' lang='lat' dir='ltr'><em>ne</em></span> <span class='ocrx_word' id='word_1_316' title='bbox 1495 2460 1699 2500; x_wconf 88' lang='lat' dir='ltr'><em>audirent</em></span> <span class='ocrx_word' id='word_1_317' title='bbox 1718 2460 1847 2512; x_wconf 87' lang='lat' dir='ltr'><em>legem</em></span> <span class='ocrx_word' id='word_1_318' title='bbox 1871 2472 2008 2499; x_wconf 87' lang='lat' dir='ltr'><em>meam</em></span> 
     </span>
     <span class='ocr_line' id='line_1_37' title="bbox 349 2527 2010 2585; baseline -0.004 -13"><span class='ocrx_word' id='word_1_319' title='bbox 349 2539 389 2572; x_wconf 92' lang='lat' dir='ltr'><em>et</em></span> <span class='ocrx_word' id='word_1_320' title='bbox 408 2532 545 2579; x_wconf 85' lang='lat' dir='ltr'><em>verba,</em></span> <span class='ocrx_word' id='word_1_321' title='bbox 567 2546 674 2585; x_wconf 88' lang='lat' dir='ltr'><em>quae</em></span> <span class='ocrx_word' id='word_1_322' title='bbox 705 2532 827 2571; x_wconf 85' lang='lat' dir='ltr'><em>misit</em></span> <span class='ocrx_word' id='word_1_323' title='bbox 846 2531 1063 2571; x_wconf 92' lang='lat' dir='ltr'><em>Dominus</em></span> <span class='ocrx_word' id='word_1_324' title='bbox 1093 2530 1353 2583; x_wconf 84' lang='lat' dir='ltr'><em>omnipotens</em></span> <span class='ocrx_word' id='word_1_325' title='bbox 1374 2530 1419 2569; x_wconf 88' lang='lat' dir='ltr'><em>in</em></span> <span class='ocrx_word' id='word_1_326' title='bbox 1450 2529 1608 2581; x_wconf 85' lang='lat' dir='ltr'><em>spiritu</em></span> <span class='ocrx_word' id='word_1_327' title='bbox 1639 2542 1713 2568; x_wconf 88' lang='lat' dir='ltr'><em>suo</em></span> <span class='ocrx_word' id='word_1_328' title='bbox 1735 2528 1780 2568; x_wconf 86' lang='lat' dir='ltr'><em>in</em></span> <span class='ocrx_word' id='word_1_329' title='bbox 1812 2527 2010 2567; x_wconf 88' lang='lat' dir='ltr'><em>manibus</em></span> 
     </span>
     <span class='ocr_line' id='line_1_38' title="bbox 340 2595 2007 2652; baseline -0.004 -12"><span class='ocrx_word' id='word_1_330' title='bbox 340 2600 601 2652; x_wconf 72' lang='lat' dir='ltr'><em>proplietaru</em></span> <span class='ocrx_word' id='word_1_331' title='bbox 609 2614 649 2639; x_wconf 90' lang='lat' dir='ltr'><em>m</em></span> <span class='ocrx_word' id='word_1_332' title='bbox 662 2600 863 2652; x_wconf 85' lang='lat' dir='ltr'><em>priorum</em></span> <span class='ocrx_word' id='word_1_333' title='bbox 885 2606 927 2639; x_wconf 85' lang='lat' dir='ltr'><em>et</em></span> <span class='ocrx_word' id='word_1_334' title='bbox 942 2600 1071 2651; x_wconf 85' lang='lat' dir='ltr'><em>facta</em></span> <span class='ocrx_word' id='word_1_335' title='bbox 1101 2605 1164 2638; x_wconf 88' lang='lat' dir='ltr'><em>est</em></span> <span class='ocrx_word' id='word_1_336' title='bbox 1193 2598 1262 2637; x_wconf 89' lang='lat' dir='ltr'><em>ira</em></span> <span class='ocrx_word' id='word_1_337' title='bbox 1283 2611 1443 2650; x_wconf 86' lang='lat' dir='ltr'><em>magna</em></span> <span class='ocrx_word' id='word_1_338' title='bbox 1464 2611 1491 2636; x_wconf 89' lang='lat' dir='ltr'><em>a</em></span> <span class='ocrx_word' id='word_1_339' title='bbox 1512 2596 1700 2636; x_wconf 86' lang='lat' dir='ltr'><em>Domino</em></span> <span class='ocrx_word' id='word_1_340' title='bbox 1720 2595 2007 2647; x_wconf 76' lang='lat' dir='ltr'><em>omnipotente.</em></span> 
     </span>
     <span class='ocr_line' id='line_1_39' title="bbox 352 2663 2013 2721; baseline -0.004 -12"><span class='ocrx_word' id='word_1_341' title='bbox 352 2670 410 2709; x_wconf 80' lang='lat' dir='ltr'><em>Et</em></span> <span class='ocrx_word' id='word_1_342' title='bbox 443 2670 598 2709; x_wconf 88' lang='lat' dir='ltr'><em>iterum</em></span> <span class='ocrx_word' id='word_1_343' title='bbox 618 2685 625 2709; x_wconf 75' lang='grc' dir='ltr'>ε</span> <span class='ocrx_word' id='word_1_344' title='bbox 662 2668 875 2719; x_wconf 75' lang='lat' dir='ltr'><em>Quoniam</em></span> <span class='ocrx_word' id='word_1_345' title='bbox 898 2668 976 2721; x_wconf 84' lang='lat' dir='ltr'><em>qui</em></span> <span class='ocrx_word' id='word_1_346' title='bbox 994 2668 1282 2720; x_wconf 81' lang='lat' dir='ltr'><em>loquebantur,</em></span> <span class='ocrx_word' id='word_1_347' title='bbox 1304 2666 1434 2706; x_wconf 82' lang='lat' dir='ltr'><em>locuti</em></span> <span class='ocrx_word' id='word_1_348' title='bbox 1450 2672 1554 2706; x_wconf 85' lang='lat' dir='ltr'><em>sunt</em></span> <span class='ocrx_word' id='word_1_349' title='bbox 1574 2665 1788 2705; x_wconf 85' lang='lat' dir='ltr'><em>molestias</em></span> <span class='ocrx_word' id='word_1_350' title='bbox 1808 2670 1849 2704; x_wconf 87' lang='lat' dir='ltr'><em>et</em></span> <span class='ocrx_word' id='word_1_351' title='bbox 1867 2663 2013 2703; x_wconf 87' lang='lat' dir='ltr'><em>divini</em></span> 
     </span>
    </p>
   </div>
   <div class='ocr_carea' id='block_1_9' title="bbox 357 2750 2007 2770">
    <p class='ocr_par' dir='ltr' id='par_1_11' title="bbox 357 2750 2007 2770">
     <span class='ocr_line' id='line_1_40' title="bbox 357 2750 2007 2770; baseline 0 0"><span class='ocrx_word' id='word_1_352' title='bbox 357 2750 2007 2770; x_wconf 95' lang='lat' dir='ltr'><em> </em></span> 
     </span>
    </p>
   </div>
   <div class='ocr_carea' id='block_1_10' title="bbox 346 2809 2013 3262">
    <p class='ocr_par' dir='ltr' id='par_1_12' title="bbox 346 2809 2013 3262">
     <span class='ocr_line' id='line_1_41' title="bbox 421 2809 2009 2855; baseline -0.005 -6"><span class='ocrx_word' id='word_1_353' title='bbox 421 2815 432 2836; x_wconf 79' lang='lat'>¹</span> <span class='ocrx_word' id='word_1_354' title='bbox 460 2817 676 2850; x_wconf 78' lang='lat' dir='ltr'><em>Primiliva.</em></span> <span class='ocrx_word' id='word_1_355' title='bbox 731 2817 743 2849; x_wconf 97' lang='grc' dir='ltr'>Ι</span> <span class='ocrx_word' id='word_1_356' title='bbox 765 2816 860 2850; x_wconf 81' lang='lat' dir='ltr'><em>have</em></span> <span class='ocrx_word' id='word_1_357' title='bbox 886 2814 1057 2849; x_wconf 82' lang='lat' dir='ltr'><em>followed</em></span> <span class='ocrx_word' id='word_1_358' title='bbox 1076 2814 1138 2848; x_wconf 85' lang='lat' dir='ltr'><em>the</em></span> <span class='ocrx_word' id='word_1_359' title='bbox 1165 2824 1273 2847; x_wconf 82' lang='lat' dir='ltr'><em>sense</em></span> <span class='ocrx_word' id='word_1_360' title='bbox 1291 2811 1365 2845; x_wconf 81' lang='lat' dir='ltr'><em>and</em></span> <span class='ocrx_word' id='word_1_361' title='bbox 1385 2809 1624 2855; x_wconf 84' lang='lat' dir='ltr'><em>punctuation</em></span> <span class='ocrx_word' id='word_1_362' title='bbox 1644 2809 1686 2843; x_wconf 94' lang='lat' dir='ltr'><em>of</em></span> <span class='ocrx_word' id='word_1_363' title='bbox 1706 2810 1768 2843; x_wconf 84' lang='lat' dir='ltr'><em>the</em></span> <span class='ocrx_word' id='word_1_364' title='bbox 1789 2810 1892 2842; x_wconf 82' lang='lat' dir='ltr'><em>LXX</em></span> <span class='ocrx_word' id='word_1_365' title='bbox 1910 2809 2009 2851; x_wconf 87' lang='lat' dir='ltr'><em>here,</em></span> 
     </span>
     <span class='ocr_line' id='line_1_42' title="bbox 352 2866 2010 2918; baseline -0.004 -13"><span class='ocrx_word' id='word_1_366' title='bbox 352 2873 420 2906; x_wconf 71' lang='grc' dir='ltr'><em>Οὐκ</em></span> <span class='ocrx_word' id='word_1_367' title='bbox 453 2874 674 2918; x_wconf 72' lang='grc' dir='ltr'>ὑπάρχοντος</span> <span class='ocrx_word' id='word_1_368' title='bbox 701 2874 849 2918; x_wconf 80' lang='grc' dir='ltr'>βότρυος</span> <span class='ocrx_word' id='word_1_369' title='bbox 877 2875 938 2906; x_wconf 82' lang='grc' dir='ltr'><em>τοῦ</em></span> <span class='ocrx_word' id='word_1_370' title='bbox 967 2873 1094 2917; x_wconf 83' lang='grc' dir='ltr'>φαγεῖν</span> <span class='ocrx_word' id='word_1_371' title='bbox 1126 2871 1169 2904; x_wconf 87' lang='grc' dir='ltr'><em>τὰ</em></span> <span class='ocrx_word' id='word_1_372' title='bbox 1200 2871 1421 2915; x_wconf 80' lang='grc' dir='ltr'>πρωτόγονα.</span> <span class='ocrx_word' id='word_1_373' title='bbox 1473 2866 1573 2912; x_wconf 82' lang='grc' dir='ltr'>Οἴμοι</span> <span class='ocrx_word' id='word_1_374' title='bbox 1599 2866 1796 2912; x_wconf 71' lang='grc' dir='ltr'><em>ψυχὴ.-κ.</em></span> <span class='ocrx_word' id='word_1_375' title='bbox 1825 2881 1855 2900; x_wconf 89' lang='grc' dir='ltr'><em>τ.</em></span> <span class='ocrx_word' id='word_1_376' title='bbox 1886 2867 1919 2909; x_wconf 86' lang='grc' dir='ltr'><em>λ,</em></span> <span class='ocrx_word' id='word_1_377' title='bbox 1948 2867 2010 2900; x_wconf 87' lang='lat' dir='ltr'><em>thc</em></span> 
     </span>
     <span class='ocr_line' id='line_1_43' title="bbox 354 2922 2013 2970; baseline -0.006 -6"><span class='ocrx_word' id='word_1_378' title='bbox 354 2929 459 2964; x_wconf 77' lang='lat' dir='ltr'><em>Latin</em></span> <span class='ocrx_word' id='word_1_379' title='bbox 479 2930 533 2963; x_wconf 82' lang='lat' dir='ltr'><em>sor</em></span> <span class='ocrx_word' id='word_1_380' title='bbox 552 2929 669 2963; x_wconf 81' lang='lat' dir='ltr'><em>which</em></span> <span class='ocrx_word' id='word_1_381' title='bbox 690 2929 718 2963; x_wconf 83' lang='lat' dir='ltr'><em>is</em></span> <span class='ocrx_word' id='word_1_382' title='bbox 744 2929 797 2962; x_wconf 85' lang='lat' dir='ltr'><em>ad</em></span> <span class='ocrx_word' id='word_1_383' title='bbox 819 2928 1074 2963; x_wconf 82' lang='lat' dir='ltr'><em>comedendum</em></span> <span class='ocrx_word' id='word_1_384' title='bbox 1096 2927 1311 2970; x_wconf 72' lang='lat' dir='ltr'><em>primitiva.</em></span> <span class='ocrx_word' id='word_1_385' title='bbox 1371 2924 1440 2957; x_wconf 81' lang='lat' dir='ltr'><em>Vae</em></span> <span class='ocrx_word' id='word_1_386' title='bbox 1465 2924 1562 2957; x_wconf 81' lang='lat' dir='ltr'><em>milti</em></span> <span class='ocrx_word' id='word_1_387' title='bbox 1583 2924 1722 2956; x_wconf 79' lang='lat' dir='ltr'><em>anima.</em></span> <span class='ocrx_word' id='word_1_388' title='bbox 1777 2922 1876 2966; x_wconf 77' lang='lat' dir='ltr'><em>Quia</em></span> <span class='ocrx_word' id='word_1_389' title='bbox 1893 2922 2013 2965; x_wconf 79' lang='lat' dir='ltr'><em>periit</em></span> 
     </span>
     <span class='ocr_line' id='line_1_44' title="bbox 346 2980 2010 3032; baseline -0.006 -10"><span class='ocrx_word' id='word_1_390' title='bbox 346 2990 436 3032; x_wconf 73' lang='lat' dir='ltr'><em>pius</em></span> <span class='ocrx_word' id='word_1_391' title='bbox 453 2988 495 3021; x_wconf 77' lang='lat' dir='ltr'><em>dc</em></span> <span class='ocrx_word' id='word_1_392' title='bbox 512 2992 623 3021; x_wconf 81' lang='lat' dir='ltr'><em>terra.</em></span> <span class='ocrx_word' id='word_1_393' title='bbox 651 2988 733 3021; x_wconf 81' lang='lat' dir='ltr'><em>The</em></span> <span class='ocrx_word' id='word_1_394' title='bbox 748 2988 960 3020; x_wconf 85' lang='lat' dir='ltr'><em>Mommsen</em></span> <span class='ocrx_word' id='word_1_395' title='bbox 976 2984 1115 3019; x_wconf 85' lang='lat' dir='ltr'><em>edition</em></span> <span class='ocrx_word' id='word_1_396' title='bbox 1129 2990 1360 3028; x_wconf 78' lang='lat' dir='ltr'><em>punctuates,</em></span> <span class='ocrx_word' id='word_1_397' title='bbox 1378 2982 1430 3015; x_wconf 80' lang='lat' dir='ltr'><em>ad</em></span> <span class='ocrx_word' id='word_1_398' title='bbox 1444 2980 1746 3015; x_wconf 83' lang='lat' dir='ltr'><em>manducandum</em></span> <span class='ocrx_word' id='word_1_399' title='bbox 1763 2993 1775 3014; x_wconf 92' lang='lat'><em>.·</em></span> <span class='ocrx_word' id='word_1_400' title='bbox 1792 2981 2010 3024; x_wconf 76' lang='lat' dir='ltr'><em>primitiva,</em></span> 
     </span>
     <span class='ocr_line' id='line_1_45' title="bbox 353 3036 2011 3089; baseline -0.006 -10"><span class='ocrx_word' id='word_1_401' title='bbox 353 3046 422 3079; x_wconf 65' lang='lat' dir='ltr'><em>lieu</em></span> <span class='ocrx_word' id='word_1_402' title='bbox 451 3057 505 3078; x_wconf 78' lang='lat' dir='ltr'><em>me</em></span> <span class='ocrx_word' id='word_1_403' title='bbox 532 3047 661 3078; x_wconf 66' lang='lat' dir='ltr'><em>animia</em></span> <span class='ocrx_word' id='word_1_404' title='bbox 689 3046 790 3089; x_wconf 80' lang='lat' dir='ltr'><em>quia,</em></span> <span class='ocrx_word' id='word_1_405' title='bbox 809 3048 882 3087; x_wconf 62' lang='lat' dir='ltr'><em>ela,</em></span> <span class='ocrx_word' id='word_1_406' title='bbox 901 3044 966 3077; x_wconf 85' lang='lat' dir='ltr'><em>but</em></span> <span class='ocrx_word' id='word_1_407' title='bbox 995 3043 1135 3077; x_wconf 81' lang='lat' dir='ltr'><em>Gildas’</em></span> <span class='ocrx_word' id='word_1_408' title='bbox 1166 3040 1284 3083; x_wconf 82' lang='lat' dir='ltr'><em>Latin,</em></span> <span class='ocrx_word' id='word_1_409' title='bbox 1315 3051 1356 3073; x_wconf 89' lang='lat' dir='ltr'><em>or</em></span> <span class='ocrx_word' id='word_1_410' title='bbox 1381 3040 1444 3074; x_wconf 85' lang='lat' dir='ltr'><em>the</em></span> <span class='ocrx_word' id='word_1_411' title='bbox 1479 3038 1635 3082; x_wconf 86' lang='lat' dir='ltr'><em>original</em></span> <span class='ocrx_word' id='word_1_412' title='bbox 1663 3049 1761 3082; x_wconf 86' lang='lat' dir='ltr'><em>upon</em></span> <span class='ocrx_word' id='word_1_413' title='bbox 1786 3037 1905 3071; x_wconf 80' lang='lat' dir='ltr'><em>which</em></span> <span class='ocrx_word' id='word_1_414' title='bbox 1930 3037 1955 3071; x_wconf 88' lang='lat' dir='ltr'><em>it</em></span> <span class='ocrx_word' id='word_1_415' title='bbox 1982 3036 2011 3070; x_wconf 88' lang='lat' dir='ltr'><em>is</em></span> 
     </span>
     <span class='ocr_line' id='line_1_46' title="bbox 355 3097 2009 3145; baseline -0.003 -8"><span class='ocrx_word' id='word_1_416' title='bbox 355 3104 483 3143; x_wconf 71' lang='lat' dir='ltr'><em>baSOd,</em></span> <span class='ocrx_word' id='word_1_417' title='bbox 503 3115 624 3137; x_wconf 64' lang='lat' dir='ltr'><em>§coms</em></span> <span class='ocrx_word' id='word_1_418' title='bbox 644 3111 680 3137; x_wconf 79' lang='lat' dir='ltr'><em>to</em></span> <span class='ocrx_word' id='word_1_419' title='bbox 699 3104 744 3137; x_wconf 79' lang='lat' dir='ltr'><em>bc</em></span> <span class='ocrx_word' id='word_1_420' title='bbox 764 3116 785 3137; x_wconf 81' lang='grc' dir='ltr'><em>ῖι</em></span> <span class='ocrx_word' id='word_1_421' title='bbox 803 3102 983 3137; x_wconf 72' lang='lat' dir='ltr'><em>val&#39;iation</em></span> <span class='ocrx_word' id='word_1_422' title='bbox 1010 3102 1051 3135; x_wconf 86' lang='lat' dir='ltr'><em>Of</em></span> <span class='ocrx_word' id='word_1_423' title='bbox 1073 3100 1174 3144; x_wconf 78' lang='grc' dir='ltr'>Οἵμαι</span> <span class='ocrx_word' id='word_1_424' title='bbox 1190 3099 1304 3145; x_wconf 74' lang='grc' dir='ltr'><em>ψυχή,</em></span> <span class='ocrx_word' id='word_1_425' title='bbox 1323 3099 1374 3133; x_wconf 76' lang='grc' dir='ltr'><em>ὅτι</em></span> <span class='ocrx_word' id='word_1_426' title='bbox 1400 3098 1587 3132; x_wconf 78' lang='grc' dir='ltr'>ἀπόλωλεν</span> <span class='ocrx_word' id='word_1_427' title='bbox 1608 3097 1756 3140; x_wconf 69' lang='grc' dir='ltr'>εὐσεβὴς</span> <span class='ocrx_word' id='word_1_428' title='bbox 1773 3097 1844 3131; x_wconf 74' lang='grc' dir='ltr'><em>ἀπὸ</em></span> <span class='ocrx_word' id='word_1_429' title='bbox 1861 3099 1920 3140; x_wconf 80' lang='grc' dir='ltr'><em>τῆς</em></span> <span class='ocrx_word' id='word_1_430' title='bbox 1936 3098 2009 3142; x_wconf 75' lang='grc' dir='ltr'>γῆς,</span> 
     </span>
     <span class='ocr_line' id='line_1_47' title="bbox 358 3155 2012 3205; baseline -0.004 -10"><span class='ocrx_word' id='word_1_431' title='bbox 358 3161 443 3195; x_wconf 77' lang='lat' dir='ltr'><em>with</em></span> <span class='ocrx_word' id='word_1_432' title='bbox 462 3174 483 3195; x_wconf 74' lang='lat' dir='ltr'><em>a</em></span> <span class='ocrx_word' id='word_1_433' title='bbox 501 3162 564 3195; x_wconf 87' lang='lat' dir='ltr'><em>full</em></span> <span class='ocrx_word' id='word_1_434' title='bbox 585 3169 666 3205; x_wconf 77' lang='lat' dir='ltr'><em>stop</em></span> <span class='ocrx_word' id='word_1_435' title='bbox 686 3161 778 3195; x_wconf 79' lang='lat' dir='ltr'><em>after</em></span> <span class='ocrx_word' id='word_1_436' title='bbox 796 3161 995 3194; x_wconf 70' lang='grc' dir='ltr'>ιῖπῡλωλεν.</span> <span class='ocrx_word' id='word_1_437' title='bbox 1070 3161 1180 3193; x_wconf 87' lang='lat' dir='ltr'><em>From</em></span> <span class='ocrx_word' id='word_1_438' title='bbox 1212 3159 1369 3192; x_wconf 82' lang='lat' dir='ltr'><em>terrenis</em></span> <span class='ocrx_word' id='word_1_439' title='bbox 1394 3157 1562 3201; x_wconf 73' lang='lat' dir='ltr'><em>operibus</em></span> <span class='ocrx_word' id='word_1_440' title='bbox 1587 3163 1625 3190; x_wconf 87' lang='lat' dir='ltr'><em>to</em></span> <span class='ocrx_word' id='word_1_441' title='bbox 1650 3169 1672 3189; x_wconf 77' lang='lat' dir='ltr'><em>a</em></span> <span class='ocrx_word' id='word_1_442' title='bbox 1698 3160 1799 3189; x_wconf 75' lang='lat' dir='ltr'><em>terra</em></span> <span class='ocrx_word' id='word_1_443' title='bbox 1825 3155 1855 3189; x_wconf 83' lang='lat' dir='ltr'><em>is</em></span> <span class='ocrx_word' id='word_1_444' title='bbox 1880 3167 1902 3189; x_wconf 83' lang='lat' dir='ltr'><em>a</em></span> <span class='ocrx_word' id='word_1_445' title='bbox 1925 3167 2012 3199; x_wconf 74' lang='lat' dir='ltr'><em>very</em></span> 
     </span>
     <span class='ocr_line' id='line_1_48' title="bbox 359 3213 1869 3262; baseline -0.003 -12"><span class='ocrx_word' id='word_1_446' title='bbox 359 3225 508 3261; x_wconf 66' lang='lat' dir='ltr'><em>strange</em></span> <span class='ocrx_word' id='word_1_447' title='bbox 528 3218 799 3262; x_wconf 84' lang='lat' dir='ltr'><em>interpolation,</em></span> <span class='ocrx_word' id='word_1_448' title='bbox 819 3225 882 3252; x_wconf 87' lang='lat' dir='ltr'><em>not</em></span> <span class='ocrx_word' id='word_1_449' title='bbox 897 3218 1083 3252; x_wconf 81' lang='lat' dir='ltr'><em>traceable</em></span> <span class='ocrx_word' id='word_1_450' title='bbox 1103 3216 1137 3250; x_wconf 84' lang='lat' dir='ltr'><em>in</em></span> <span class='ocrx_word' id='word_1_451' title='bbox 1157 3216 1274 3251; x_wconf 85' lang='lat' dir='ltr'><em>either</em></span> <span class='ocrx_word' id='word_1_452' title='bbox 1291 3216 1452 3259; x_wconf 77' lang='lat' dir='ltr'><em>Vulgate</em></span> <span class='ocrx_word' id='word_1_453' title='bbox 1471 3226 1512 3248; x_wconf 92' lang='lat' dir='ltr'><em>or</em></span> <span class='ocrx_word' id='word_1_454' title='bbox 1532 3214 1636 3248; x_wconf 85' lang='lat' dir='ltr'><em>LXX</em></span> <span class='ocrx_word' id='word_1_455' title='bbox 1655 3214 1733 3256; x_wconf 83' lang='lat' dir='ltr'><em>(see</em></span> <span class='ocrx_word' id='word_1_456' title='bbox 1751 3225 1780 3247; x_wconf 92' lang='lat' dir='ltr'><em>c.</em></span> <span class='ocrx_word' id='word_1_457' title='bbox 1799 3213 1869 3256; x_wconf 77' lang='lat'><strong>64).</strong></span> 
     </span>
    </p>
   </div>
  </div>
 </body>
</html>
