2173 3556
3 430 121 458 Psalm.
142 429 191 462 liv,
217 438 264 465 24.

2 639 92 667 Esaz.
115 639 217 671 xxxiii,
240 648 264 668 1.

289 286 348 346 78
790 287 868 333 De
894 288 1104 334 Excidio
1128 284 1445 333 Britanniae.

287 423 414 462 sisti?
478 423 637 462 Parum
680 424 879 476 cogitans
913 423 1217 476 propheticum
1251 424 1418 462 dictum
1452 422 1550 471 viri,
1593 422 1806 474 inquiens,
1846 435 1944 460 san-

279 491 468 543 guinum
519 498 561 531 et
607 491 700 531 doli
756 506 837 532 mm
888 491 1184 531 dimidiabunt
1232 491 1322 531 dies
1371 505 1476 530 suos.
1568 490 1686 543 Quid
1734 503 1813 543 pro
1864 489 1945 528 hoc

287 559 381 599 solo
423 559 721 600 retributionis
763 574 787 600 a
830 562 944 600 iusto
987 560 1128 600 iudice
1161 574 1367 612 sperares
1410 560 1489 599 etsi
1524 573 1610 598 non
1653 559 1757 599 talia
1794 572 1945 610 seque-

287 636 446 678 rentur,
469 643 582 682 quae
613 635 763 669 secuta
795 636 908 678 sunt,
932 630 1083 669 itidem
1117 629 1291 669 dicente
1314 642 1391 681 per
1414 628 1676 681 prophetam
1699 643 1705 667 :
1751 627 1836 667 Vae
1858 627 1947 675 tibi,

286 698 365 749 qui
382 697 624 749 praedaris,
657 712 792 737 nonne
822 704 861 738 et
889 698 974 750 zJpse
993 697 1314 749 praedaberis?
1375 697 1437 736 Et
1465 696 1543 749 (μα’
1560 696 1722 744 occidis,
1745 709 1879 735 nonne
1909 701 1948 734 et

287 765 373 818 isvse
391 766 586 806 occidcm's
609 768 634 806 P
694 767 736 806 E
739 774 756 806 t
776 781 870 807 cnm
892 767 1098 807 dcsz'wrz's
1107 766 1330 819 praedari,
1354 772 1453 805 tmzc
1471 765 1618 805 cades.1

376 835 536 874 Nonne
572 843 808 889 postquam
843 836 922 876 tibi
955 850 1012 876 ex
1056 842 1160 875 voto
1192 835 1373 875 violenti
1412 835 1534 887 regni
1577 834 1763 874 fantasia
1805 833 1947 881 cessit,

286 904 530 956 cupiditate
553 905 738 944 inlectus
768 905 823 944 ad
846 905 962 944 viam
1001 903 1246 944 revertendi
1271 910 1448 952 rectam,
1482 902 1637 942 diebus
1660 916 1710 941 ac
1744 901 1947 941 noctibus

287 972 328 1011 id
367 974 589 1026 temporis,
612 974 881 1013 conscientia
910 973 1020 1013 forte
1055 973 1357 1025 peccaminum
1393 973 1682 1020 remordente,
1703 971 1758 1011 de
1791 970 1948 1010 deifico

286 1046 437 1080 tenore
457 1040 862 1092 monachorumque
884 1039 1070 1079 decretis
1089 1039 1170 1078 sub
1192 1039 1324 1079 dente
1343 1039 1532 1091 primum
1557 1038 1696 1078 multa
1711 1037 1947 1085 ruminans

285 1109 386 1149 dein
426 1109 650 1162 popularis
697 1123 828 1149 aurae
865 1109 1107 1161 cognitioni
1146 1108 1382 1161 proferens,
1426 1107 1691 1147 monachum
1729 1107 1822 1145 sine
1859 1105 1947 1145 ullo

286 1178 568 1228 infidelitatis,
602 1186 649 1219 ut
676 1179 836 1227 aiebas,
855 1185 1054 1231 respectu
1088 1191 1235 1217 coram
1269 1177 1575 1229 omnipotente
1607 1176 1716 1225 Deo,
1738 1175 1947 1227 angelicis

286 1247 478 1287 vultibus
501 1248 806 1300 humanisque,
830 1248 981 1300 ruptiS,
1004 1253 1051 1287 ut
1074 1247 1326 1300 putabatur,
1358 1246 1656 1298 capacissimis
1672 1245 1766 1294 illis,
1788 1244 1947 1297 quibus

285 1317 624 1369 praecipitanter
642 1317 805 1362 involvi
829 1317 971 1357 solent
994 1317 1179 1369 pingues
1198 1316 1309 1356 tauri
1330 1315 1496 1356 moduli
1519 1315 1594 1364 tui,
1613 1314 1788 1363 retibus,
1804 1315 1948 1353 omnis

286 1387 420 1439 regni,
435 1387 540 1436 auri,
562 1387 732 1440 argenti
751 1393 794 1427 et
816 1387 935 1439 quod
953 1386 1019 1425 his
1044 1386 1184 1425 maius
1203 1391 1279 1435 est,
1298 1385 1500 1438 propriae
1523 1384 1760 1424 voluntatis
1783 1384 1947 1423 disten-

286 1455 478 1495 tionibus
501 1457 652 1508 ruptis,
675 1463 889 1509 perpetuo
912 1455 1069 1495 vovisti
1093 1461 1136 1495 et
1159 1461 1259 1503 tete,
1291 1468 1341 1494 ac
1363 1455 1398 1493 si
1431 1453 1615 1494 stridulo
1637 1467 1793 1493 cavum
1822 1452 1945 1505 lapsu

287 1538 432 1564 aerem
479 1525 624 1565 valide
671 1532 894 1566 secantem
948 1539 1191 1577 saevosque
1232 1524 1373 1577 rapidi
1408 1524 1686 1577 harpagones
1727 1523 1946 1575 accipitris

286 1594 474 1634 sinuosis
520 1595 709 1635 flexibus
741 1596 956 1636 vitantem
1001 1595 1056 1634 ad
1099 1600 1352 1634 sanctorum
1400 1594 1479 1634 tibi
1524 1607 1793 1647 magnopere
1838 1592 1946 1632 fidas

286 1664 536 1716 speluncas2
568 1665 878 1718 refrigeriaque
913 1664 1144 1704 salubriter
1182 1664 1363 1716 rapuisti
1406 1678 1463 1703 ex
1496 1677 1626 1703 corvo
1659 1662 1946 1703 columbam?

287 1732 326 1772 O
351 1740 518 1786 quanta
545 1734 755 1775 ecclesiae
790 1734 918 1774 matri
952 1734 1132 1783 laetitia,
1160 1734 1195 1772 si
1226 1747 1313 1773 non
1346 1740 1389 1774 te
1412 1739 1667 1773 cunctorum
1694 1732 1945 1772 mortalium

286 1801 423 1842 hostis
466 1804 520 1843 de
558 1804 653 1843 sinu
693 1804 1027 1856 quodammodo
1060 1804 1151 1843 eius
1186 1803 1428 1854 lugubriter
1462 1802 1765 1850 abstraxisset,
1807 1801 1945 1841 foret!

287 1871 327 1911 O
351 1886 483 1924 quam
522 1873 725 1925 profusus
760 1874 851 1926 spei
887 1872 1086 1913 caelestis
1119 1872 1258 1912 fomes
1281 1872 1615 1924 desperatorum
1653 1870 1870 1920 cordibus,
1903 1876 1946 1910 te

285 1940 326 1979 in
351 1941 478 1980 bonis
502 1948 799 1994 permanente,
830 1941 1149 1981 inardesceret!
1213 1941 1252 1981 O
1291 1941 1438 1993 qualia
1461 1947 1715 1993 quantaque
1753 1939 1946 1979 animam

283 2015 406 2049 tuam
443 2010 563 2062 regni
598 2010 759 2050 Christi
794 2011 989 2063 praemia
1014 2012 1055 2050 in
1094 2011 1165 2050 die
1199 2010 1347 2049 iudicii
1371 2016 1611 2058 manerent,
1644 2010 1677 2048 si
1708 2023 1795 2048 non
1820 2008 1948 2061 lupus

284 2079 468 2119 callidus
503 2079 574 2119 ille
612 2093 776 2132 agnum
821 2094 877 2119 ex
923 2080 1028 2132 lupo
1072 2080 1236 2119 factum
1270 2086 1312 2118 te
1350 2079 1405 2118 ab
1446 2080 1548 2118 ovili
1581 2079 1815 2125 dominico,
1858 2091 1944 2116 non

285 2149 568 2188 vehementer
599 2149 797 2197 invitum,
823 2150 1015 2189 facturus
1039 2149 1191 2201 lupum
1214 2162 1271 2188 ex
1305 2162 1420 2201 agno
1443 2148 1523 2187 sibi
1547 2148 1749 2196 similem,
1780 2147 1946 2199 rapuis-

284 2224 349 2257 set
371 2218 377 2257 !
441 2218 480 2259 O
505 2225 717 2270 quantam
741 2219 1065 2258 exultationem
1091 2217 1182 2270 pio3
1203 2218 1400 2257 omnium
1428 2218 1545 2257 Patri
1570 2217 1668 2256 Deo
1694 2222 1945 2256 sanctorum

283 2293 359 2325 tua
393 2287 509 2326 salus
552 2288 768 2327 servanda
809 2294 1063 2340 praestaret,
1099 2288 1133 2326 si
1167 2301 1252 2326 non
1297 2293 1339 2326 te
1381 2293 1641 2326 cunctorum
1676 2285 1945 2338 perditorum

286 2356 500 2396 infaustus
553 2364 689 2409 pater,
731 2357 865 2397 veluti
922 2370 1183 2409 magnarum
1238 2355 1384 2408 aquila
1427 2356 1592 2396 alarum
1646 2355 1948 2408 unguiumque

284 2426 486 2474 daemon,
529 2425 689 2466 infelici
744 2426 930 2466 filiorum
975 2440 1153 2466 suorum
1197 2426 1363 2477 agmini
1396 2432 1550 2465 contra
1591 2426 1656 2464 ius
1699 2424 1850 2477 fasque
1882 2438 1946 2463 ra-

285 2495 451 2545 puisset
473 2495 479 2534 !

371 2565 438 2604 Ne
462 2565 611 2615 multa,
645 2571 818 2606 tantum
838 2566 986 2618 gaudii
1021 2579 1070 2605 ac
1093 2564 1321 2604 suavitatis
1354 2570 1447 2604 tum
1479 2563 1600 2603 caelo
1622 2570 1850 2615 terraeque
1872 2569 1948 2602 tua

284 2634 338 2672 ad
378 2634 539 2674 bonam
574 2635 741 2687 frugem
776 2635 1033 2684 conversio,4
1065 2640 1279 2687 quantum
1316 2647 1430 2673 nunc
1470 2633 1677 2673 maeroris
1719 2646 1767 2672 ac
1806 2632 1947 2671 luctus

286 2703 548 2742 ministravit
581 2704 636 2743 ad
672 2703 937 2752 horribilem,
974 2717 1094 2742 more
1128 2702 1304 2742 molossi
1340 2703 1470 2754 aegri,
1507 2702 1721 2741 vomitum
1759 2701 1948 2740 nefanda

359 2909 365 2929 ¹
398 2911 472 2944 Not
502 2911 562 2944 the
598 2918 671 2945 text
701 2911 741 2944 of
773 2911 942 2954 Vulgate,
973 2910 1089 2943 which
1127 2911 1261 2944 reads:
1302 2911 1357 2943 El
1389 2911 1456 2954 (μή
1478 2910 1630 2953 spernis,
1660 2919 1780 2942 nonne
1807 2912 1842 2942 el
1874 2909 1948 2952 ipsc

286 2969 498 3009 astus-semiim!
526 2980 605 3001 (mn
626 2969 941 3002 consumemur‘eris
957 2967 1587 3011 <1¹2jzmcdasz'amm,‹afflmcdahca-ss.

356 3026 368 3045 2
398 3027 427 3059 It
449 3026 477 3058 is
507 3026 725 3069 interesting
744 3034 781 3060 to
797 3027 872 3060 find
892 3027 974 3059 how
994 3027 1055 3060 the
1075 3027 1135 3059 old
1156 3026 1401 3060 aceustomed
1421 3024 1670 3070 phraseology
1689 3030 1834 3068 repeats
1854 3023 1956 3057 itsclf

288 3083 320 3115 in
343 3084 481 3116 midas*
502 3085 696 3127 language.
742 3086 966 3119 &russorum
985 3085 1178 3128 speluncae
1196 3084 1576 3130 refrigeriaque—the
1603 3094 1713 3116 caves
1731 3082 1805 3116 and
1824 3083 1949 3127 places

286 3143 326 3174 of
357 3143 601 3176 refresliment
633 3144 674 3176 of
704 3144 765 3177 the
801 3143 999 3177 saints-is
1027 3155 1047 3176 a
1075 3143 1218 3177 monk‘s
1254 3142 1490 3177 affectionate
1522 3153 1599 3184 way
1629 3141 1670 3174 of
1698 3139 1853 3184 naming
1887 3141 1950 3174 the

290 3199 542 3233 monasteries.
598 3202 668 3234 But
687 3202 878 3244 melma-ae
904 3201 977 3235 and
997 3200 1155 3244 σπήλαια
1174 3201 1248 3235 had
1275 3202 1363 3245 long
1383 3201 1494 3235 taken
1514 3199 1586 3233 this
1606 3198 1743 3243 special
1762 3198 1950 3243 meaning,

289 3271 329 3290 eis
350 3260 494 3291 mossur*
519 3259 581 3292 ‹lid
610 3259 644 3292 in
666 3260 791 3293 XYziles
811 3261 865 3301 (sn
891 3260 960 3293 ΖΜ(
983 3261 1107 3293 insula
1137 3260 1250 3303 being
1278 3260 1392 3293 found
1414 3259 1470 3292 sor
1497 3260 1536 3292 sn
1563 3259 1629 3292 Χίοι-
1653 3269 1760 3291 mona
1777 3257 1949 3299 serio).—

1970 1059 2005 1077 10

1970 1412 2004 1440 15

1967 1756 2004 1775 :0

1967 2103 2004 2131 25

1967 2444 2006 2472 30
