2214 3556
415 233 510 276 340
1081 219 1126 264 V
1126 219 1196 265 ita
1227 219 1415 266 Gildae.

410 354 484 408 qui
507 360 550 395 et
573 354 666 408 ipse
689 354 807 395 misit
836 355 890 395 ad
925 355 1103 396 beatum
1129 355 1305 396 Gildam
1342 369 1512 408 roganS,
1537 362 1584 397 ut
1615 357 1670 397 ad
1703 371 1749 397 se
1771 358 1949 408 veniret,
1972 372 2071 411 pro-

413 424 592 464 mittens
634 438 679 464 se
722 424 856 477 ipsius
898 424 1109 464 doctrinis
1152 425 1193 464 in
1236 424 1441 465 omnibus
1482 424 1775 476 obediturum,
1817 427 1851 467 si
1892 427 2072 468 veniens

411 493 754 534 ecclesiasticum
797 493 995 533 ordinem
1054 494 1094 533 in
1153 508 1232 534 suo
1286 508 1421 547 regno
1473 501 1746 545 restauraret,
1788 497 1890 549 quia
1931 511 2072 550 paene

412 562 675 603 catholicam
715 562 845 602 fidem
886 563 928 602 in
968 563 1062 615 ipsa
1097 563 1238 603 insula
1279 577 1432 604 omnes
1476 564 1753 617 reliquerant.
1817 565 1928 607 Cum
1964 567 2071 607 haec

411 632 559 684 itaque
601 632 796 672 audisset
829 631 982 672 Gildas
1015 631 1176 672 Christi
1216 632 1340 672 miles
1382 633 1662 674 beatissimus
1706 635 1898 675 munitus
1940 636 2072 675 armis
2109 650 2127 680 5

413 701 672 742 caelestibus
707 702 862 754 petivit
902 702 1164 742 Hiberniam
1203 703 1425 744 Christum
1469 705 1810 756 praedicaturus.
1873 706 2072 758 Contigit

412 777 560 811 autem
584 770 776 823 quadam
800 770 882 819 die,
905 771 1010 810 dum
1035 777 1235 823 pergeret
1267 771 1322 811 ad
1357 772 1469 825 regis
1492 772 1720 825 palatium,
1743 787 1967 814 occurrere
1989 775 2070 815 sibi

412 839 649 892 quemdem
674 838 977 892 paralyticum,
1000 853 1131 891 quem
1152 847 1355 892 parentes
1378 842 1442 881 sui
1476 842 1816 896 circumquaque
1838 843 2072 884 trahebant

413 914 674 961 quaerentes
716 908 972 947 alimoniam
1015 908 1071 947 ab
1114 908 1266 948 incolis
1308 916 1457 950 terrae.
1533 911 1678 964 Quem
1721 913 1876 953 videns
1918 913 2072 954 beatus

414 977 567 1018 Gildas
601 977 804 1016 misertus
839 976 952 1016 illius
986 990 1130 1029 genua
1168 977 1292 1018 flexit
1329 992 1378 1018 ac
1414 993 1492 1032 pro
1525 993 1577 1020 eo
1611 981 1792 1021 domino
1826 983 2069 1023 orationem
2092 997 2129 1016 10

414 1046 525 1086 fudit
558 1052 601 1086 et
633 1044 719 1085 had
743 1045 991 1085 vehiculum
1028 1045 1172 1086 miseri
1208 1047 1420 1087 accedens
1453 1047 1594 1089 dixit:
1625 1048 1679 1089 ln
1703 1050 1870 1090 nomine
1891 1051 2070 1091 Domini

412 1114 550 1155 nostri
603 1114 699 1154 lesu
761 1113 928 1155 Christi
975 1120 1044 1154 sta
1100 1121 1236 1155 rectus
1285 1123 1412 1168 snper
1440 1117 1571 1169 pedes
1612 1125 1706 1158 tnos
1745 1126 1785 1159 et
1823 1134 1855 1159 av
1885 1119 2072 1160 Domino

401 1184 643 1236 pristinam
687 1182 818 1235 recipe
856 1183 1097 1223 sanitatem.
1177 1183 1264 1236 Qui
1304 1198 1410 1225 mox
1455 1187 1640 1239 receptis
1682 1187 1845 1228 viribus
1880 1190 2072 1242 corporis

411 1266 543 1292 sanus
575 1252 761 1293 efficitur
803 1259 936 1304 atque
973 1252 1231 1292 exclamans
1265 1267 1371 1293 voce
1415 1268 1575 1307 magna
1609 1257 1755 1309 coepit
1790 1256 2073 1309 magnificare

410 1336 570 1362 nomen
598 1322 777 1361 Domini
811 1327 854 1361 et
886 1327 1039 1361 sancto
1068 1321 1159 1361 viro
1193 1322 1450 1375 magnificas
1482 1323 1633 1364 laudes
1667 1325 1834 1375 referre,
1856 1327 2004 1367 dicens
2027 1341 2073 1367 se
2092 1341 2128 1370 ις

411 1392 471 1431 ire
508 1405 607 1431 cum
642 1390 727 1438 illo,
759 1390 1026 1443 ubicumque
1056 1390 1276 1431 voluisset.
1340 1391 1472 1444 Quod
1507 1400 1685 1434 sanctus
1718 1408 1805 1434 non
1840 1395 1980 1436 serens
2013 1397 2072 1437 ait

412 1460 498 1499 illi:
543 1459 658 1507 Vide,
696 1473 745 1498 ne
781 1472 940 1498 mecum
973 1458 1131 1508 vatim,
1162 1459 1240 1499 sed
1266 1466 1471 1500 revertere
1502 1461 1675 1501 domum
1709 1469 1750 1503 et
1781 1478 1862 1503 non
1894 1464 2074 1505 desistas

411 1525 597 1566 Domini
626 1525 965 1565 misericordiam
997 1525 1250 1575 collaudare,
1272 1526 1350 1579 qni
1378 1533 1416 1566 te
1445 1527 1634 1568 sanitati
1652 1529 1850 1570 restitnit.
1914 1531 1977 1571 At
2000 1531 2072 1572 ille

412 1595 552 1647 magis
595 1594 825 1647 magisque
868 1594 908 1633 in
948 1593 1124 1634 laudem
1168 1595 1258 1634 eius
1297 1597 1612 1648 prorumpebat
1655 1604 1697 1638 et
1739 1599 1919 1648 cunctis,
1961 1613 2071 1652 quos

412 1666 565 1706 obvios
619 1664 823 1714 habebat,
864 1664 1089 1705 indicabat
1145 1665 1322 1705 dicens:
1386 1666 1615 1716 Venientes,
1657 1667 1793 1708 venite
1844 1683 1986 1710 omnes
2034 1677 2075 1710 et
2091 1682 2130 1702 20

414 1735 551 1774 videte
582 1734 726 1774 virum
761 1739 955 1773 sanctum
992 1733 1081 1773 Dei
1108 1733 1187 1786 qni
1219 1734 1331 1774 milli
1359 1734 1588 1776 sanitatem
1622 1737 1804 1788 conparis
1833 1744 1874 1778 et
1902 1739 2074 1779 animae

411 1802 610 1843 reddidit.
682 1802 808 1842 Tunc
831 1808 1008 1842 sanctus
1033 1801 1185 1842 Gildas
1210 1802 1362 1843 nolens
1386 1809 1559 1844 tantum
1584 1804 1776 1846 favorem
1801 1813 1844 1847 et
1867 1806 2069 1859 plausum

412 1872 551 1925 plebis
574 1872 789 1912 sustinere
811 1871 1010 1911 discessit
1033 1871 1231 1924 protinus
1255 1872 1311 1912 ab
1333 1872 1395 1912 eis
1417 1879 1460 1913 et
1486 1873 1593 1914 abiit
1616 1874 1813 1924 latenter,
1836 1889 1890 1916 ne
1913 1889 2071 1929 agnos-

412 1948 579 1982 ceretur
601 1948 643 1981 et
666 1940 898 1981 abscondit
919 1954 975 1981 se.

501 2010 605 2050 Post
641 2023 804 2062 paucos
839 2023 941 2049 vero
983 2009 1076 2049 dies
1113 2009 1316 2050 inventus
1350 2024 1375 2050 a
1408 2010 1671 2063 quibusdam
1716 2012 1936 2053 nobilibus
1970 2014 2071 2054 viris
2097 2019 2151 2051 12

412 2078 636 2132 quondam
668 2078 749 2117 sibi
777 2078 891 2118 notis
924 2078 1013 2129 regi
1040 2078 1294 2118 Ainmerico
1327 2085 1392 2119 est
1424 2087 1740 2132 praesentatus.
1803 2081 1947 2135 Quem
1971 2097 2070 2123 cum

412 2148 604 2196 vidisset,
642 2147 790 2187 multis
825 2147 1026 2200 precibus
1063 2161 1163 2187 eum
1202 2147 1387 2200 rogabat
1424 2149 1700 2203 plurimaque
1736 2150 1922 2192 offerens
1956 2151 2072 2192 dona

413 2217 678 2270 postulabat,
711 2222 758 2256 ut
800 2215 917 2269 apud
956 2230 1001 2256 se
1044 2223 1242 2257 maneret
1284 2223 1338 2266 et,
1379 2218 1492 2259 sicut
1533 2219 1570 2258 ei
1613 2220 1732 2272 prius
1776 2221 2073 2271 mandaverat,

411 2285 755 2326 ecclesiasticum
782 2291 1044 2325 restauraret
1077 2285 1274 2325 ordinem
1309 2286 1351 2325 in
1385 2288 1561 2338 regione
1584 2288 1752 2338 eadem,
1774 2290 1876 2342 quia
1900 2291 2073 2343 penitus

412 2354 675 2394 catholicam
701 2353 831 2393 fidem
857 2367 882 2392 a
905 2353 1104 2392 maximo
1134 2367 1271 2406 usque
1304 2355 1358 2394 ad
1394 2356 1623 2395 minimum
1649 2371 1802 2398 omnes
1826 2359 2073 2399 amiserant.
2092 2368 2131 2398 30

413 2425 539 2464 Tunc
574 2430 752 2463 sanctus
786 2422 938 2463 Gildas
974 2422 1168 2462 munitus
1208 2423 1333 2475 clipeo
1361 2425 1649 2475 fortitudinis
1684 2433 1724 2466 et
1755 2428 1884 2479 galea
1918 2428 2075 2468 salutis

412 2506 565 2532 omnes
589 2491 696 2531 fines
722 2491 1067 2531 Hibernensium
1091 2491 1287 2532 circuivit
1309 2499 1352 2532 et
1375 2492 1580 2533 ecclesias
1614 2496 1885 2544 restauravit,
1909 2496 2071 2536 clerum

414 2725 627 2759 Columba.''
679 2725 800 2768 Loofs,
827 2725 1021 2769 Antiquae
1043 2727 1245 2760 Britonum
1276 2727 1542 2772 Scotorumque
1568 2728 1754 2762 Ecclesiae
1771 2730 1899 2773 quales
1913 2729 2079 2774 fuerunt

413 2784 549 2827 diores,
565 2796 598 2828 p.
625 2793 675 2828 55.
713 2784 837 2818 These
854 2795 983 2818 names
997 2784 1071 2818 and
1091 2785 1198 2818 those
1213 2785 1255 2819 of
1268 2786 1392 2819 others
1406 2786 1497 2828 who,
1517 2787 1566 2830 by
1580 2787 1642 2820 the
1658 2786 1852 2821 traditions
1866 2789 2026 2822 referred
2039 2796 2076 2823 to

414 2841 448 2874 in
469 2842 529 2876 the
550 2843 668 2875 words
688 2842 726 2875 of
745 2843 808 2875 Dr.
828 2843 950 2881 Loofs,
967 2854 1061 2876 were
1080 2843 1257 2888 disciples
1276 2844 1317 2877 of
1332 2844 1463 2878 Gildas
1482 2844 1556 2878 and
1578 2844 1681 2878 Dewi
1703 2846 1805 2887 Sant,
1825 2858 1887 2880 are
1906 2846 2020 2880 found
2039 2846 2075 2880 in

413 2900 475 2933 the
501 2899 560 2933 list
588 2900 627 2933 of
650 2900 711 2933 the
732 2899 914 2934 “Second
935 2900 1057 2934 Order
1082 2901 1124 2934 of
1152 2900 1245 2934 Irish
1274 2901 1432 2944 Saints‚”
1451 2901 1570 2936 which
1599 2914 1728 2937 covers
1763 2904 1824 2938 the
1847 2915 1954 2947 years
1981 2905 2074 2938 from

413 2958 525 2991 about
559 2966 624 3001 599
661 2965 698 2991 to
736 2958 813 2999 664.
879 2958 1109 2992 “Secundus
1145 2959 1235 2992 ordo
1267 2959 1544 2994 Catholicorum
1580 2962 1879 3006 presbyterorum
1909 2988 1916 2995 .
1946 2989 1953 2996 .
1983 2989 1989 2996 .
2020 2990 2026 2996 .
2055 2974 2077 2996 a

417 3012 562 3045 Davide
587 3012 763 3056 episcopo
791 3020 826 3047 ct
856 3013 954 3047 Cilla
980 3013 1124 3056 (Gilda)
1144 3020 1179 3047 et
1209 3025 1230 3047 a
1262 3015 1368 3047 Doco
1399 3014 1612 3049 Britonibus
1641 3016 1793 3050 missam
1823 3020 2077 3062 acceperunt.”

415 3070 536 3103 Anon.
556 3068 596 3113 [c.
618 3078 693 3103 AD.
715 3068 808 3115 75o],
833 3071 974 3115 lna-ipit
992 3071 1197 3116 Catalogus
1215 3072 1438 3106 Sanctorum
1461 3073 1677 3117 Hiberniae,
1703 3075 1901 3108 secundum
1927 3075 2078 3109 diversa

418 3130 591 3170 lemjwra.

488 3184 629 3218 Gildas'
661 3185 742 3220 visit
763 3194 800 3220 to
822 3187 970 3220 Ireland
1001 3186 1030 3220 is
1058 3187 1190 3231 placed
1217 3187 1264 3232 by
1284 3188 1345 3222 the
1365 3188 1536 3222 Annales
1556 3189 1750 3223 Cambriae
1768 3189 1804 3223 in
1824 3190 1885 3223 the
1904 3201 1993 3234 year
2013 3191 2076 3234 565
