2214 3556
328 259 421 306 208
830 261 908 308 De
934 261 1142 308 Excidio
1168 260 1486 308 Britanniae.

322 393 418 433 visa
427 394 555 446 salsa
575 401 617 435 et
634 395 803 436 somnia
813 396 943 448 falsa
963 396 1243 450 loquebantur
1262 402 1303 436 et
1321 410 1436 436 vana
1466 393 1798 444 consolabantur,
1810 400 1989 446 propter

327 462 402 503 hoc
434 463 556 503 aridi
574 464 696 515 facti
726 471 830 504 sunt
862 465 971 505 sicut
1002 479 1106 513 oves,
1142 472 1183 505 et
1213 465 1368 518 afflicti
1396 470 1500 504 sunt
1538 463 1741 516 quoniam
1779 477 1860 503 non
1893 470 1987 504 erat

325 531 502 572 sanitas.
566 532 710 585 Super
718 540 914 585 pastores
934 541 1184 574 exacervata
1204 540 1267 574 est
1287 533 1514 574 iracundia
1536 546 1629 572 mea
1650 538 1691 572 et
1708 538 1837 584 super
1854 546 1986 585 agnos

36 602 131 630 Zfffll·
151 602 190 634 xi,
209 603 270 640 3·6-
325 599 517 641 visitabo.
580 601 639 641 Et
661 607 761 654 post
783 615 949 655 pauca:
994 603 1036 644 V
1031 616 1085 642 ox
1104 602 1436 643 lamentantium
1450 607 1689 654 pastorum,
1704 599 1808 653 quia
1829 600 1986 640 misera

309 669 438 720 facta
458 676 520 709 est
540 670 791 722 magnitudo
812 685 966 712 eornm.
1039 671 1130 712 Vox
1149 671 1412 724 rugientium
1435 671 1611 720 leonum,
1633 669 1835 723 quoniam
1857 668 1990 708 miser
2026 683 2042 712 5

309 738 461 789 factus
490 745 552 778 est
581 739 781 779 decursus
801 739 1032 781 Iordanis}
1092 741 1214 780 Haec
1232 740 1337 780 dicit
1356 740 1572 780 Dominus
1592 739 1852 791 omnipotens
1866 753 1881 779 .·
1911 738 1990 791 qui

314 806 600 858 possidebant,
635 807 953 861 inte7ficiebant,
986 815 1027 849 et
1061 823 1141 849 non
1169 809 1390 861 paenituit
1414 823 1487 849 eos.
1550 808 1622 857 Et,
1649 808 1728 861 qui
1752 807 1989 848 vendebant

320 889 401 920 eas,
423 875 616 916 dicebant
629 891 644 917 .·
666 876 900 917 benedictas
913 878 1139 925 Dominus,
1153 884 1193 918 et
1212 877 1345 918 ditati
1362 891 1512 918 sumus
1526 893 1540 918 .·
1571 883 1612 917 et
1621 883 1816 929 pastores
1835 891 1985 917 earum

324 944 439 983 m'lzil
456 944 585 996 passi
609 944 728 985 sunt2
750 945 794 985 in
816 945 876 985 eis
893 953 1072 998 propter
1097 946 1213 999 quod
1241 960 1322 986 non
1338 953 1519 999 parcam
1554 945 1642 986 iam
1670 952 1798 998 super
1817 945 1984 985 instabi-

321 1020 461 1053 tantes
483 1019 655 1062 terram,
676 1013 781 1054 dicit
800 1014 1027 1056 Dominus.
2005 1034 2042 1054 10

409 1080 527 1134 Quid
553 1088 778 1134 praeterea
795 1091 972 1123 sanctus
993 1083 1237 1124 Malachias
1260 1083 1476 1136 propheta
1498 1083 1622 1123 vobis
1645 1082 1983 1131 denuntiaverit,
2005 1081 2066 1138 89

35 1152 177 1181 Mizlaclz.
198 1151 218 1185 i,
235 1153 295 1190 6·9·
319 1149 498 1190 audite.3
569 1150 659 1199 Vos,
684 1151 898 1203 inquiens,
930 1152 1172 1202 sacerdotes,
1205 1152 1284 1205 qui
1319 1151 1522 1204 spernitis
1562 1165 1710 1191 nomen
1757 1165 1897 1191 meum
1939 1156 1980 1190 et

319 1218 494 1258 dixistis
507 1234 522 1259 .·
554 1219 599 1258 in
631 1234 710 1272 quo
740 1220 982 1272 spernimus
1004 1235 1152 1261 nomen
1176 1227 1297 1260 tuum
1316 1221 1337 1261 ?
1368 1219 1576 1273 offerendo
1597 1219 1660 1259 ad
1675 1219 1813 1259 altare
1834 1233 1974 1259 meum

307 1294 444 1339 panes
454 1288 642 1340 pollutos
657 1303 671 1329 .·
702 1295 742 1328 et
754 1288 950 1330 dicistis:
982 1289 1027 1329 in
1049 1304 1129 1342 quo
1142 1289 1380 1342 polluimus
1395 1303 1460 1328 eos
1473 1289 1499 1329 P
1531 1288 1576 1328 in
1589 1303 1632 1328 eo
1649 1288 1764 1341 quod
1776 1288 1950 1328 dzssz‘istis
1964 1303 1978 1328 .·

316 1370 460 1396 mensa
473 1356 658 1396 Domini
665 1364 748 1409 pro
771 1357 904 1398 nilzilo
925 1364 995 1407 est,
1009 1365 1050 1398 et
1069 1373 1176 1411 quae
1187 1357 1449 1410 superposita
1461 1363 1572 1406 sunt,
1585 1357 1816 1409 sprevistis.
1867 1357 1978 1407 Quo·
2002 1368 2039 1398 15

316 1424 447 1473 niam,
467 1425 512 1464 si
523 1425 748 1465 adducatis
764 1440 927 1466 caecum
945 1427 1008 1467 ad
1019 1427 1252 1475 victimam,
1267 1440 1402 1466 nonne
1416 1426 1616 1466 malum?
1645 1425 1688 1466 si
1700 1426 1980 1466 ammoveatis

314 1493 514 1533 claudum
537 1500 615 1534 aut
634 1494 903 1547 languidum,
926 1510 1061 1536 nonne
1082 1496 1260 1536 malum.
1257 1496 1275 1526 P
1310 1495 1430 1548 Offer
1450 1495 1593 1548 itaque
1615 1495 1731 1535 illud
1736 1495 1978 1548 praeposito

316 1568 397 1611 tuo,
413 1562 455 1601 si
467 1562 663 1614 suscipiet
684 1563 804 1612 illud,
820 1578 858 1603 sz
882 1564 1077 1616 accipiet4
1090 1571 1318 1616 personam
1341 1570 1476 1613 tuam,
1491 1563 1596 1604 dicit
1611 1564 1828 1604 Dominus
1848 1578 1982 1604 omnz-

306 1637 466 1683 potens.
527 1631 589 1671 Et
624 1646 736 1672 nunc
768 1639 934 1672 exorate
952 1633 1116 1684 faciem
1139 1633 1227 1673 Dei
1245 1633 1380 1673 vestri
1398 1639 1438 1673 et
1458 1632 1745 1685 deprmecamznz
1763 1647 1886 1674 eum
1937 1633 1982 1673 in

317 1700 516 1740 manrbus
536 1700 822 1752 vestrisfacta
841 1709 944 1742 sunt
963 1702 1071 1752 llaec,
1092 1702 1135 1742 si
1147 1703 1349 1755 accipiam
1372 1717 1423 1742 e‘c
1441 1702 1558 1742 vobis
1580 1709 1652 1754 βω
1654 1717 1787 1742 sonas
1808 1709 1912 1742 vest7
1914 1716 1980 1742 as.
2003 1715 2041 1734 20

34 1769 174 1845 ¹¹s{1il¹¹3⁶l‘·
201 1768 219 1801 i,
241 1777 298 1806 133
321 1770 379 1810 Et
403 1770 558 1809 iterum
579 1785 593 1810 .·
625 1770 686 1810 Et
721 1770 932 1811 intulistis
957 1771 1007 1811 de
1040 1771 1195 1823 rapina
1227 1771 1426 1811 claudum
1460 1777 1499 1810 et
1531 1770 1786 1823 languidum
1809 1777 1850 1810 et
1869 1770 1982 1810 intu—

98 1830 102 1839 ¹
144 1831 149 1836 “
318 1839 433 1879 listis
465 1853 630 1879 munus.
705 1840 942 1892 Numquid
967 1840 1196 1893 suscipiam
1239 1840 1354 1880 illud
1389 1840 1439 1880 de
1479 1854 1611 1879 manu
1653 1846 1795 1880 vestra
1809 1840 1831 1880 ,9
1881 1839 1984 1879 dicit

317 1908 542 1948 Dominus.
604 1908 866 1948 Maledictus
897 1909 1073 1959 dolosus,
1095 1909 1173 1962 qui
1201 1909 1324 1949 babet
1352 1909 1397 1949 in
1420 1922 1552 1961 grege
1580 1923 1656 1948 suo
1687 1909 1922 1949 masculum
1944 1915 1984 1948 et

319 1984 462 2016 votum
484 1977 657 2029 faciens
689 1977 884 2017 immolat
916 1978 1048 2018 debile
1068 1978 1266 2027 Domino,
1301 1978 1404 2031 quia
1441 1992 1516 2017 rese
1549 1992 1733 2031 magnus
1767 1991 1839 2030 ego
1873 1992 1981 2026 sum,

318 2047 421 2086 dicit
441 2046 658 2086 Dominus
688 2046 956 2095 exercituum,
978 2054 1018 2087 et
1038 2062 1186 2087 nomen
1209 2061 1348 2087 meum
1377 2047 1579 2087 horribile
1600 2046 1644 2086 in
1659 2046 1868 2099 gentibus.
1921 2045 1983 2085 Et
2001 2058 2037 2087 25

319 2129 431 2155 nunc
448 2115 510 2154 ad
527 2129 600 2154 vos
622 2114 876 2155 mandatum
899 2115 982 2164 lzoc,
1004 2130 1025 2155 o
1045 2116 1287 2165 sacerdotes,
1300 2116 1342 2155 si
1361 2115 1583 2155 nolueritis
1603 2115 1756 2155 audire
1776 2121 1816 2154 et
1830 2121 1983 2167 ponere

316 2191 444 2236 super
476 2197 554 2232 cor,
588 2190 636 2223 ut
670 2183 779 2223 detis
803 2184 993 2236 gloriam
1031 2184 1198 2224 nomini
1229 2198 1327 2234 meo,
1360 2184 1424 2224 ait
1457 2184 1673 2224 Dominus
1712 2183 1981 2232 exercituum,

318 2253 489 2292 mittam
513 2253 557 2292 in
580 2267 652 2292 vos
666 2259 888 2305 egestatem
911 2259 950 2293 et
966 2253 1215 2293 maledicam
1231 2252 1583 2293 benedictionibus
1599 2252 1762 2301 vestris,
1779 2252 1980 2305 quoniam

318 2336 398 2361 non
412 2321 619 2373 posuistis
631 2328 759 2373 super
772 2335 848 2362 cor.
886 2322 989 2362 Ecce
1004 2336 1075 2375 ego
1087 2322 1299 2374 proiciam
1322 2321 1438 2361 vobis
1451 2321 1670 2362 braclzium
1684 2328 1724 2361 et
1739 2321 1980 2374 dispergam

316 2397 442 2441 super
462 2390 629 2430 vultum
652 2396 839 2430 vestrum
861 2397 1019 2430 stercus
1033 2391 1366 2431 sollemnitatum
1389 2397 1642 2430 vestrarum.
1705 2389 1793 2431 Sed
1817 2390 1981 2430 interea
2002 2404 2039 2432 30

319 2466 366 2499 ut
399 2460 569 2499 avidius
606 2473 772 2512 organa
809 2460 1031 2512 nequitiae
1065 2461 1334 2513 praeparetis
1367 2460 1422 2500 ad
1455 2460 1583 2508 bona,
1605 2459 1710 2512 quid
1743 2459 1798 2499 de
1827 2466 1981 2499 sancto

319 2527 546 2568 sacerdote
568 2529 698 2576 dicat,
721 2528 755 2567 si
779 2528 1221 2581 quantulumcunque
1243 2528 1388 2568 adhuc
1411 2528 1567 2568 interni
1591 2528 1767 2568 auditus
1790 2528 1830 2567 in
1856 2527 1980 2567 vobis

40 2591 222 2624 A'1‘l“ss‘·i³‘
240 2600 297 2628 5-7·
320 2603 529 2645 remanet,
552 2597 822 2637 auscultate:
854 2597 1039 2637 Pactum
1069 2611 1221 2646 meum,
1254 2596 1579 2650 inquiens,fuit
1601 2610 1694 2636 cum
1716 2610 1770 2645 eo,
1792 2596 1847 2636 de
1873 2596 1977 2636 Levi

389 2742 399 2762 ¹
426 2743 614 2776 Decursus
631 2743 806 2776 Iordanis
824 2758 855 2769 =
872 2743 910 2776 τὸ
929 2743 1096 2788 φρύαγμα
1113 2745 1173 2776 τοῦ
1192 2742 1379 2787 Ἰορδάνου,
1402 2742 1516 2775 LXX.

388 2798 401 2820 2
427 2801 539 2833 Passi
561 2805 657 2834 sunt.
709 2801 790 2834 The
819 2802 1033 2835 Mommsen
1061 2800 1201 2835 edition
1233 2800 1341 2834 reads
1359 2800 1482 2844 parsi,
1508 2799 1593 2834 with
1625 2800 1687 2834 the
1718 2807 1815 2843 note,
1843 2800 1982 2845 “jnzrsi

319 2857 583 2902 scripsi,passi
598 2857 907 2902 libri,parcebant
925 2870 1018 2892 vers.
1038 2859 1160 2902 vulg.''
1210 2859 1291 2892 The
1313 2859 1415 2891 LXX
1438 2857 1594 2902 reading
1613 2857 1642 2891 is
1662 2858 1837 2902 ἔπασχον,
1857 2859 1976 2893 which

320 2923 491 2960 supports
511 2917 572 2950 the
594 2917 674 2950 MS.
696 2915 851 2960 reading
862 2917 980 2960 passi,
999 2916 1162 2960 adopted
1182 2915 1217 2949 in
1236 2916 1298 2950 the
1318 2922 1467 2960 present
1486 2922 1571 2949 text.

388 2986 401 3006 3
427 2986 508 3020 The
527 2985 739 3030 quotations
758 2986 850 3019 from
866 2985 1029 3020 Malachi
1049 2986 1150 3019 show
1165 2997 1211 3019 an
1228 2984 1456 3028 interesting,
1470 2984 1498 3018 if
1512 2991 1575 3018 not
1591 2984 1765 3029 puzzling,
1778 2985 1976 3020 variation:

319 3044 380 3078 the
400 3044 475 3077 first
496 3043 687 3088 quotation
715 3044 807 3077 from
837 3044 926 3077 Mal.
947 3043 966 3085 i,
986 3044 1057 3087 6-9‚
1076 3050 1212 3077 cannot
1231 3043 1277 3077 be
1304 3042 1339 3076 in
1359 3043 1421 3077 the
1442 3042 1548 3076 Latin
1567 3043 1608 3076 of
1623 3043 1684 3076 the
1703 3044 1864 3087 Vulgate
1884 3057 1891 3086 3
1918 3045 1980 3079 the

319 3108 403 3143 rest,
422 3102 603 3144 however,
622 3113 684 3135 are
703 3102 795 3134 from
815 3102 894 3136 that
914 3101 1070 3144 version,
1090 3101 1176 3135 with
1198 3101 1275 3146 just
1294 3101 1355 3135 the
1381 3112 1482 3134 same
1510 3100 1621 3144 slight
1640 3101 1786 3135 various
1805 3102 1980 3146 readings

320 3170 360 3192 as
380 3170 441 3192 are
459 3159 574 3192 found
601 3159 635 3192 in
665 3160 775 3193 MSS.
804 3159 845 3193 of
866 3160 928 3193 the
946 3160 1107 3203 Vulgate
1135 3159 1240 3193 itself.
1292 3160 1344 3193 As
1372 3158 1406 3192 in
1435 3159 1496 3193 the
1523 3170 1608 3192 case
1635 3160 1677 3193 of
1701 3160 1713 3192 1
1745 3160 1906 3204 Samuel,
1925 3173 1979 3195 we

319 3228 403 3259 may
421 3217 600 3250 conclude
619 3217 697 3250 that
717 3217 846 3251 Gildas
866 3217 1065 3261 possessed
1083 3217 1231 3251 codices
1249 3217 1290 3250 os
1303 3217 1385 3250 botlc
1404 3216 1570 3250 versions
1588 3217 1643 3250 for
1661 3217 1732 3251 this
1750 3217 1859 3252 book.
