2173 3556
322 262 409 306 168
818 262 897 308 De
921 262 1132 308 Excidio
1159 260 1473 308 Britanniae.

311 395 607 446 negotioruml
640 396 926 437 mendacibus
957 397 1266 446 doctissimos;
1309 409 1495 449 quorum
1529 395 1583 435 de
1620 395 1831 436 scelerata
1869 408 1970 436 con-

311 465 557 504 versatione
581 465 743 506 multos
765 466 1012 506 sacerdotio
1035 466 1249 505 irruentes
1272 465 1418 517 potius
1442 464 1508 504 vel
1542 463 1648 504 illud
1682 477 1821 516 paene
1853 465 1971 504 omni

312 533 497 584 pecunia
526 533 809 573 1·edimentes2
839 547 972 586 quam
995 539 1158 573 tractos
1188 539 1232 572 et
1266 533 1307 571 in
1346 532 1502 572 eodem
1525 531 1659 571 veteri
1695 531 1974 584 infaustoque

312 600 653 642 intolerabilium
677 602 948 655 piaculorum
973 615 1110 642 caeno
1128 607 1228 654 post
1251 599 1569 640 sacerdotalem
1593 600 1873 652 episcopatus
1905 599 1972 639 vel

312 669 570 722 presbyterii
593 671 756 719 sedem,
780 671 853 723 qui
878 684 957 710 nec
981 671 1145 710 ibidem
1170 683 1356 721 usquam
1381 669 1600 717 sederunt,
1617 674 1770 720 utpote
1794 667 1973 720 indigne
2012 685 2028 714 ,ς

312 752 541 790 porcorum
579 753 699 779 more
728 740 991 789 volutantes,
1021 746 1148 791 rapto
1177 745 1351 778 tantum
1378 737 1638 778 sacerdotali
1677 736 1857 775 nomine
1894 749 1972 776 nec

310 814 458 847 tamen
493 814 655 857 tenore,
687 808 754 848 vel
787 809 1031 861 apostolica
1064 808 1281 860 dignitate
1318 813 1512 860 accepta,
1550 807 1626 846 sed
1661 805 1735 858 qui
1773 805 1971 844 nondum

310 874 364 913 ad
389 874 604 925 integram
630 873 762 913 fidem
786 881 889 914 sunt
911 874 977 914 vel
1012 874 1227 914 malorum
1258 874 1529 926 paenitentia
1559 872 1717 920 idonei,
1745 870 1971 922 quomodo

311 943 365 982 ad
389 942 633 994 quemlibet
651 942 1008 992 ecclesiasticum,
1030 949 1077 983 ut
1100 956 1188 982 non
1212 943 1356 982 dicam
1381 942 1633 991 summum,3
1660 939 1971 980 convenientes

309 1017 352 1050 et
384 1011 532 1064 adepti
566 1012 765 1062 gradum,
787 1025 918 1064 quem
951 1026 1039 1051 non
1073 1013 1155 1052 nisi
1179 1013 1317 1052 sancti
1345 1019 1478 1065 atque
1501 1012 1682 1064 perfecti
1712 1019 1755 1053 et
1778 1012 1970 1068 apostol-
1992 1032 2028 1051 10

27 1092 37 1119 1
62 1091 143 1120 Tim.
166 1091 204 1124 iii,
225 1101 250 1120 2.
308 1093 430 1119 orum
457 1080 698 1120 imitatores
721 1087 776 1130 et,
798 1087 846 1121 ut
879 1081 1076 1134 magistri
1106 1081 1324 1134 gentium4
1346 1081 1488 1121 verbis
1512 1080 1677 1133 loquar,
1701 1082 1969 1136 irreprehen-

307 1147 453 1187 sibiles
478 1147 672 1200 legitime
694 1155 737 1189 et
760 1148 927 1201 absque
950 1162 1113 1201 magno
1135 1149 1350 1202 sacrilegii
1374 1149 1555 1188 crimine
1577 1151 1853 1202 suscipiunt?

395 1215 515 1269 Quid
538 1217 654 1256 enim
678 1224 769 1257 tam
804 1217 988 1270 impium
1017 1225 1198 1270 tamque
1231 1218 1465 1258 scelestum
1490 1225 1556 1258 est
1580 1232 1714 1271 quam
1738 1220 1793 1260 ad
1817 1220 1967 1260 simili-
1989 1218 2049 1274 67

307 1284 507 1324 tudinem
532 1285 728 1327 Simonis
758 1287 888 1339 magi,
912 1300 999 1326 non
1034 1287 1427 1327 intervenientibus
1450 1287 1551 1327 licet
1584 1287 1751 1328 interea
1784 1290 1968 1341 promis-

306 1354 397 1393 cuis
420 1354 688 1405 criminibus,
710 1355 991 1410 episcopatus
1014 1355 1207 1396 officium
1232 1356 1299 1396 vel
1317 1355 1579 1408 presbyterii
1612 1362 1787 1397 terreno
1816 1358 1969 1410 pretio,
1990 1377 2025 1407 15

304 1423 423 1474 quod
447 1424 683 1464 sanctitate
715 1425 933 1477 rectisque
956 1425 1151 1465 moribus
1173 1425 1402 1466 decentius
1425 1426 1681 1478 adquiritur,
1713 1427 1966 1480 quempiam

303 1491 414 1532 velle
438 1493 654 1533 mercari?
716 1493 805 1534 Sed
835 1494 877 1533 in
911 1507 963 1534 eo
996 1494 1065 1534 isti
1101 1495 1360 1547 propensius
1394 1494 1462 1534 vel
1499 1494 1774 1547 desperatius
1811 1502 1969 1546 errant,

304 1574 392 1613 quo
415 1576 502 1602 non
526 1563 582 1603 ab
605 1564 818 1617 apostolis
840 1564 908 1604 vel
932 1564 1235 1617 apostolorum
1260 1565 1597 1614 successoribus
1619 1566 1695 1605 sed
1719 1579 1744 1605 a
1769 1566 1967 1618 tyrannis

303 1635 346 1669 et
380 1643 405 1669 a
438 1637 563 1682 patre
599 1645 749 1671 eorum
785 1632 963 1672 diabolo
998 1633 1144 1673 fucata
1176 1639 1219 1673 et
1254 1647 1496 1686 numquam
1538 1633 1783 1685 profutura5
1814 1641 1967 1675 emunt

302 1699 548 1739 sacerdotia
574 1715 581 1739 :
613 1700 717 1752 quin
741 1702 888 1753 potius
910 1701 1031 1741 velut
1052 1701 1225 1741 culmen
1249 1708 1505 1754 tectumque
1528 1702 1742 1742 malorum
1766 1704 1963 1743 omnium
1985 1722 2023 1741 20

302 1767 541 1818 quoddam,
564 1782 652 1821 quo
676 1782 763 1808 non
794 1769 920 1809 facile
953 1771 1015 1809 eis
1058 1770 1412 1823 improperentur
1448 1784 1473 1810 a
1509 1784 1734 1823 quoquam
1772 1772 1965 1812 admissa

301 1837 444 1888 prisca
468 1837 533 1877 vel
558 1851 671 1877 nova
694 1844 737 1878 et
760 1839 1015 1891 cupiditatis
1037 1838 1256 1892 gulaeque
1287 1839 1505 1879 desideria
1537 1845 1692 1892 utpote
1725 1841 1963 1892 praepositi

303 1906 541 1946 multorum
567 1906 736 1947 facilius
758 1908 944 1960 rapiant,
966 1908 1178 1948 scelestae
1201 1909 1317 1948 vitae
1339 1915 1582 1948 structurae
1604 1916 1919 1961 superponunt.

388 1975 503 2015 Nam
519 1976 553 2015 si
571 1976 670 2015 talis
686 1975 882 2029 profecto
900 1977 1192 2029 coemptionis
1215 1976 1415 2017 condicio
1438 1978 1493 2017 ab
1516 1977 1846 2030 impudentibus
1871 1978 1962 2017 istis

368 2158 379 2179 ¹
404 2159 452 2192 In
472 2159 639 2202 flexibus
669 2160 923 2194 mundialium
958 2162 1191 2205 negotiorum
1219 2161 1455 2195 mendacibus
1481 2161 1716 2196 doctissimas.
1784 2162 1865 2196 The
1890 2162 1961 2195 last

298 2216 398 2250 word
418 2216 563 2261 implies
583 2218 663 2252 that
682 2218 744 2252 the
763 2219 888 2262 clergy
907 2218 943 2252 in
964 2218 1117 2262 Britain,
1138 2231 1179 2253 or
1197 2231 1300 2253 some
1320 2219 1361 2253 of
1374 2220 1489 2263 them,
1508 2231 1603 2254 were
1618 2220 1791 2264 engaged
1807 2219 1843 2253 in
1857 2231 1960 2253 some

296 2275 402 2309 trade
436 2288 478 2309 or
511 2276 619 2310 other
647 2277 703 2310 for
730 2276 825 2311 their
852 2277 1126 2312 maintenance.
1186 2279 1257 2312 We
1285 2279 1381 2312 need
1412 2285 1477 2313 not
1507 2279 1603 2313 refer
1631 2286 1669 2313 to
1697 2280 1760 2313 the
1789 2280 1960 2324 frequent

293 2333 503 2377 legislation
523 2346 622 2378 upon
641 2334 714 2369 this
741 2335 896 2380 subject,
917 2336 1007 2370 such
1033 2348 1074 2370 as
1101 2336 1163 2370 the
1191 2336 1403 2381 exemption
1430 2337 1525 2371 from
1551 2337 1656 2371 trade
1683 2337 1775 2371 dues
1801 2338 1959 2382 granted

293 2392 342 2435 by
369 2391 536 2436 imperial
567 2392 665 2427 edict
696 2393 731 2426 in
752 2403 819 2437 343
847 2394 921 2427 and
953 2403 1030 2438 353,
1060 2395 1125 2429 but
1155 2395 1372 2429 afterwards
1404 2394 1572 2437 limited3
1603 2395 1677 2429 and
1708 2396 1770 2429 the
1797 2395 1958 2440 prohibi-

294 2449 370 2483 tion
406 2449 531 2484 issued
566 2451 615 2494 by
648 2451 888 2485 Valentinian
935 2453 1007 2496 III,
1042 2452 1077 2486 in
1115 2461 1195 2496 452,
1232 2452 1350 2487 which
1388 2453 1543 2487 for-bade
1578 2453 1707 2487 clerics
1743 2460 1780 2487 to
1822 2465 1957 2497 pursue

294 2519 367 2551 any
382 2508 485 2541 trade
505 2521 510 2541 :
540 2512 582 2541 ut
594 2508 696 2541 nillil
703 2511 864 2553 prorsus
877 2510 1140 2554 negotiationis
1153 2515 1345 2544 exerceant
1357 2509 1465 2554 (Cod.
1485 2511 1520 2544 T
1515 2511 1626 2553 head„
1643 2509 1711 2553 xvi,
1728 2521 1759 2553 2,
1775 2510 1844 2554 36).
1886 2512 1957 2545 But

297 2566 437 2600 Britain
456 2567 530 2600 had
550 2567 637 2610 long
663 2567 757 2601 been
784 2567 929 2602 outsicle
953 2569 1015 2602 the
1040 2580 1155 2613 range
1174 2569 1215 2602 of
1234 2581 1307 2613 any
1326 2568 1433 2603 edict.
1485 2569 1567 2602 The
1594 2569 1747 2602 Sauum
1772 2569 1958 2603 Ecclesiae

295 2625 480 2668 Anlz‘qua,
500 2625 562 2659 the
589 2625 689 2659 basis
718 2625 773 2659 for
793 2626 941 2660 Church
968 2627 1037 2660 law
1065 2627 1140 2661 and
1166 2633 1309 2661 custom
1330 2626 1365 2660 in
1387 2627 1481 2661 Gaul
1510 2626 1546 2660 in
1566 2627 1628 2660 the
1655 2626 1793 2660 second
1820 2626 1900 2660 half
1921 2627 1963 2660 of

296 2682 357 2715 the
377 2681 455 2715 fifth
475 2682 703 2726 century-it
723 2682 841 2727 might
855 2684 935 2717 well
954 2684 1048 2718 have
1067 2684 1162 2718 been
1178 2696 1219 2718 so
1238 2683 1274 2717 in
1292 2683 1519 2718 Britain—in
1539 2691 1610 2718 two
1628 2695 1768 2718 canons
1788 2684 1896 2718 reads
1915 2696 1955 2718 as

296 2738 464 2773 follows:
493 2739 691 2773 “Clericus
711 2741 985 2785 quantumlibet
1011 2742 1124 2776 verbo
1153 2742 1224 2775 Dei
1251 2741 1416 2776 eruditus
1443 2740 1597 2776 artificio
1624 2740 1761 2775 victum
1783 2742 1954 2785 quaeret⁷’

297 2795 391 2837 (can.
411 2797 479 2840 51).
516 2797 713 2831 “Clericus
726 2798 862 2832 victum
877 2806 912 2833 et
926 2799 1190 2834 vestimentum
1207 2799 1274 2833 sibi
1288 2799 1481 2834 artificiolo
1500 2800 1556 2833 vel
1575 2799 1799 2843 agricultura
1813 2800 1954 2844 absque

297 2853 405 2887 officii
427 2854 480 2888 sui
500 2855 723 2890 detrimento
742 2857 1024 2901 quae1·et⁷'(can.
1042 2858 1108 2901 52).
1152 2859 1185 2891 A
1203 2858 1342 2892 cleric’s
1362 2865 1584 2892 sustenance
1603 2858 1677 2892 and
1696 2857 1863 2902 clothing
1880 2870 1954 2892 was

296 2918 333 2944 to
352 2923 457 2946 come
476 2920 514 2946 to
533 2913 609 2946 him
636 2914 684 2957 by
703 2926 805 2948 some
833 2915 938 2950 trade
957 2927 998 2949 or
1022 2916 1071 2960 by
1089 2915 1322 2960 agriculture,
1342 2915 1520 2960 provided
1540 2915 1566 2949 it
1585 2915 1649 2949 did
1675 2922 1738 2949 not
1765 2915 1953 2960 prejudice

295 2968 352 3002 his
371 2980 451 3002 own
471 2982 606 3014 proper
625 2972 732 3005 work.

364 3037 377 3057 ²
402 3039 566 3073 Pecunia
591 3041 819 3075 redimentes.
876 3043 971 3076 Now
1004 3042 1116 3087 begin
1151 3043 1213 3077 the
1248 3043 1415 3086 charges,
1451 3043 1658 3087 frequently
1692 3042 1879 3086 repeated,
1917 3043 1958 3076 of

293 3095 448 3139 simony,
476 3096 510 3129 in
537 3097 704 3131 addition
736 3106 773 3132 to
804 3100 865 3133 the
895 3100 1126 3145 assumption
1155 3101 1196 3134 of
1222 3101 1352 3135 sacred
1381 3101 1486 3134 office
1516 3101 1564 3144 by
1595 3100 1772 3143 violence,
1802 3101 1881 3134 that
1912 3101 1952 3144 is,

292 3154 439 3198 against
465 3156 526 3189 the
554 3156 623 3189 will
651 3157 691 3190 of
712 3158 774 3191 the
800 3159 1030 3202 community
1056 3159 1180 3203 (rupto
1203 3159 1427 3194 sacerdolali
1449 3158 1621 3201 nomine).
1676 3159 1757 3192 The
1783 3158 1890 3192 office
1916 3159 1958 3192 of

291 3211 425 3256 bishop
460 3224 500 3246 or
534 3214 727 3257 presbyter
760 3227 834 3249 was
869 3217 1011 3260 bought
1040 3217 1096 3251 for
1129 3229 1176 3252 an
1214 3216 1389 3261 “earthly
1423 3216 1576 3262 price⁷';
1619 3215 1853 3261 priesthoods
1889 3227 1951 3251 are
