2214 3556
161 1738 169 1766 l
195 1739 276 1766 sim.
298 1739 315 1771 i.
337 1748 383 1776 15.

161 1879 168 1905 1
195 1878 278 1907 Tim.
299 1878 338 1912 iii,
360 1888 382 1907 1.

159 2098 166 2124 l
194 2097 274 2126 Tim.
296 2097 336 2131 iii,
356 2107 381 2126 2.

447 267 539 322 246
946 263 1024 308 De
1049 262 1259 309 Excidio
1285 262 1597 308 Britanniae.

1108 476 1146 513 4.
1183 463 1439 503 Conclusion.

528 563 647 616 Quid
681 563 836 616 plura?
869 564 1004 604 fertur
1026 564 1151 604 vobis
1181 564 1223 604 in
1248 564 1443 604 medium
1470 564 1688 604 Matthiae
1720 564 1763 603 in
1797 563 2099 604 confusionem
2130 568 2214 612 108

439 639 629 673 vestram
654 634 924 687 exemplum,
949 640 1201 674 sanctorum
1239 647 1415 686 quoque
1450 633 1770 686 apostolorum,
1792 633 2005 673 electione
2033 633 2101 673 vel

441 702 602 741 iudicio
626 702 787 743 Christi
818 716 904 742 non
937 703 1114 755 propria
1153 702 1383 742 voluntate
1415 702 1569 751 sortiti,
1592 703 1647 742 ad
1670 702 1788 755 quod
1819 702 1935 742 caeci
1959 701 2102 742 effecti

442 783 527 809 non
553 771 722 819 videtis,
745 785 877 824 quam
912 772 1042 824 longe
1065 785 1090 811 a
1114 771 1279 811 meritis
1302 771 1394 810 eius
1417 771 1601 820 distetis,
1623 771 1729 811 dum
1763 771 1803 810 in
1838 784 2032 810 amorem
2059 777 2101 810 et

441 837 647 879 effectum
687 840 824 880 Iudae
858 841 1082 880 traditoris
1120 847 1278 893 sponte
1313 839 1547 880 corruistis.
1610 840 1813 892 Apparet
1843 839 1964 890 ergo1
1990 853 2103 888 eum,

441 908 514 960 qui
557 922 634 947 vos
675 909 926 948 sacerdotes
968 909 1109 948 sciens
1153 923 1209 948 ex
1260 909 1391 948 corde
1442 909 1550 948 dicit
1585 918 1688 948 ‘non
1741 921 1836 948 esse
1887 908 2101 948 eximium

441 976 750 1018 Christianum.
815 978 931 1019 Sane
954 979 1071 1030 quod
1096 978 1250 1025 sentio,
1274 976 1523 1029 proferam.2
1588 978 1742 1016 Posset
1763 976 1942 1029 quidem
1967 976 2104 1016 lenior

441 1043 528 1084 fieri
569 1046 823 1097 increpatio,
857 1044 932 1085 sed
975 1045 1079 1098 quid
1119 1045 1300 1097 prodest
1338 1044 1497 1084 vulnus
1541 1058 1674 1084 manu
1713 1050 1887 1084 tantum
1924 1043 2103 1096 palpare

441 1120 724 1165 unguentove
762 1127 936 1165 ungere,
965 1114 1084 1166 quod
1119 1120 1293 1153 tumore
1331 1113 1416 1152 iam
1457 1113 1523 1153 vel
1560 1113 1697 1152 fetore
1731 1112 1813 1152 sibi
1848 1112 2103 1152 horrescens

440 1184 634 1223 cauterio
667 1189 709 1222 et
742 1183 921 1235 publico
954 1183 1067 1235 ignis
1095 1182 1390 1222 medicamine
1413 1186 1546 1235 eget?
1608 1182 1654 1223 Si
1678 1188 1828 1221 tamen
1859 1181 1948 1221 ullo
1971 1180 2104 1221 modo
2126 1205 2162 1224 10

439 1252 582 1292 sanari
626 1252 763 1304 possit
805 1265 939 1303 aegro
981 1264 1262 1304 nequaquam
1308 1251 1526 1290 medelam
1569 1257 1808 1302 quaerente
1850 1256 1892 1290 et
1929 1249 1986 1289 ab
2022 1249 2105 1289 hoc

441 1321 613 1361 medico
656 1321 830 1373 longius
869 1321 1112 1361 recedente.
1195 1320 1234 1361 O
1278 1320 1443 1359 inimici
1488 1320 1572 1359 Dei
1620 1326 1663 1360 et
1706 1333 1792 1359 non
1843 1319 2107 1367 sacerdotes,

439 1391 633 1431 veterani
666 1390 880 1430 malorum
916 1397 959 1430 et
990 1404 1077 1430 non
1112 1389 1355 1442 pontifices,
1387 1389 1622 1430 traditores
1654 1395 1698 1429 et
1731 1402 1817 1429 non
1851 1394 2102 1428 sanctorum

439 1460 741 1512 apostolorum
772 1473 1044 1499 successores
1079 1465 1122 1499 et
1155 1473 1243 1498 non
1274 1458 1439 1499 Christi
1470 1458 1670 1507 ministri,
1698 1457 1978 1498 auscultastis
2011 1458 2104 1510 qui-

440 1530 538 1569 dem
584 1529 805 1568 secundae
840 1528 1040 1568 lectionis
1075 1527 1265 1580 apostoli
1306 1527 1430 1567 Pauli
1468 1527 1700 1567 verborum
1739 1540 1910 1575 sonum,
1941 1526 2018 1566 sed
2062 1527 2103 1565 in
2126 1550 2160 1578 15

441 1597 561 1636 nullo
590 1597 723 1636 modo
756 1597 924 1636 monita
951 1596 1247 1647 virtutemque
1280 1595 1485 1635 servastis
1517 1601 1561 1634 et
1593 1594 1924 1634 simulacrorum
1959 1594 2104 1642 modo,

439 1679 552 1718 quae
585 1679 671 1705 non
695 1665 846 1705 vident
881 1678 1022 1716 neque
1045 1664 1242 1712 audiunt,
1265 1664 1423 1703 eodem
1448 1663 1520 1703 die
1543 1662 1670 1702 altari
1695 1662 1910 1711 astitistis,
1933 1668 2038 1702 tunc
2061 1668 2104 1702 et

440 1733 602 1773 cotidie
632 1733 756 1773 vobis
789 1733 1057 1773 intonantis:
1090 1732 1282 1780 Fratres,
1306 1732 1459 1784 inquit,
1483 1730 1634 1784 fidelis
1663 1744 1799 1770 sermo
1829 1736 1891 1770 est
1919 1736 1959 1769 et
1988 1729 2108 1769 omui

439 1803 666 1854 acceptione
687 1802 856 1854 dzgmts.
922 1801 1001 1841 Ille
1038 1801 1154 1841 dixit
1190 1800 1363 1840 fidelem
1400 1806 1444 1840 et
1480 1799 1678 1851 dignum,
1702 1813 1778 1839 vos
1807 1805 1853 1839 ut
1881 1798 2100 1838 infidelem

439 1878 482 1911 et
525 1872 754 1923 indignum
798 1870 1035 1923 sprevistis,
1099 1869 1156 1909 Si
1193 1869 1291 1922 quis
1329 1869 1609 1921 episcopatum
1645 1867 1770 1920 cupit,
1808 1867 1960 1907 bonum
2001 1873 2103 1918 opus
2121 1892 2158 1911 20

438 1940 660 1980 desiderat.
742 1940 836 1980 Vos
878 1940 1184 1992 episcopatum
1239 1951 1511 1991 magnopere
1562 1937 1772 1977 avaritiae
1818 1937 1971 1989 gratia,
2014 1950 2099 1976 non

438 2008 646 2061 spiritalis
671 2007 891 2061 profectus
915 2007 1099 2047 obtentu
1123 2007 1282 2059 cupitis
1316 2013 1359 2046 et
1391 2006 1556 2046 bonum
1591 2019 1701 2057 opus
1735 2005 1795 2044 illi
1828 2004 2098 2058 condignum

438 2090 717 2129 nequaquam
742 2076 923 2116 habetis.
991 2075 1162 2127 Oportet
1182 2089 1278 2127 wgo
1299 2074 1549 2114 huiusmodi
1577 2073 1984 2126 irreprehensibilem
2005 2087 2098 2113 esse.

442 2147 490 2186 In
515 2146 596 2185 hoc
621 2159 812 2197 namque
835 2158 1036 2184 sermone
1060 2144 1250 2183 lacrimis
1275 2144 1414 2194 magis
1437 2157 1571 2196 quam
1596 2143 1737 2183 verbis
1760 2156 1870 2195 opus
1893 2148 1970 2190 est,
1993 2155 2042 2182 ac
2065 2142 2099 2181 si

438 2214 625 2253 dixisset
648 2214 874 2266 apostolus
907 2227 1006 2252 eum
1041 2226 1135 2252 esse
1167 2212 1372 2252 omnibus
1406 2211 1898 2265 irreprehensibiliorem
1929 2211 2099 2251 debere.
2119 2232 2155 2259 25

447 2282 586 2322 Unius
621 2281 767 2321 uxoris
802 2281 957 2320 virum.
1037 2279 1169 2333 Quod
1213 2281 1273 2320 ita
1315 2281 1433 2333 apud
1469 2294 1548 2320 nos
1583 2293 1759 2332 quoque
1793 2279 2101 2325 contemnitur,

437 2352 561 2403 quasi
594 2364 680 2390 non
715 2350 939 2390 audiretur
958 2349 1025 2389 vel
1050 2350 1166 2389 idem
1198 2349 1343 2388 dicere
1365 2355 1408 2389 et
1427 2349 1566 2388 virum
1592 2361 1781 2388 uxorum
1798 2346 1832 2387 ?3
1886 2347 2101 2394 Sobrium,

428 2420 695 2472 prudcnscm.
760 2418 871 2471 Quis
904 2419 1036 2458 etiam
1061 2432 1117 2458 ex
1141 2417 1267 2458 vobis
1294 2417 1377 2457 hoc
1410 2417 1650 2470 aliquando
1674 2417 1814 2456 inesse
1837 2416 1918 2455 sibi
1943 2415 2099 2455 saltem

438 2489 643 2541 optavit?
696 2487 993 2539 Hospitalem:
1027 2487 1068 2527 id
1107 2487 1141 2526 si
1180 2486 1291 2526 forte
1328 2500 1431 2526 casu
1467 2485 1674 2533 evenerit,
1709 2484 1933 2537 popularis
1969 2498 2099 2523 aurae

437 2558 583 2610 potius
603 2570 736 2609 quam
762 2557 983 2608 praecepti
1000 2556 1142 2608 gratia
1160 2555 1338 2604 factum,
1357 2569 1442 2594 non
1468 2555 1660 2607 prodest,
1675 2554 1858 2593 domino
1881 2553 2098 2592 salvatore
2117 2569 2156 2597 30

512 2728 518 2749 ¹
548 2728 720 2772 Apparet
735 2739 830 2772 wgo.
885 2729 938 2762 Cf.
960 2740 988 2761 c.
1015 2729 1086 2762 106.

508 2808 520 2827 ”-“
547 2809 646 2839 §ime
670 2807 773 2850 quod
792 2807 918 2847 sentio,
938 2807 1148 2851 proferam.
1200 2806 1324 2839 These
1347 2805 1421 2838 and
1446 2805 1508 2838 the
1534 2802 1723 2846 following
1742 2801 1861 2835 words
1881 2801 1959 2835 well
1987 2812 2099 2845 prove

437 2865 515 2898 that
536 2864 667 2898 (iildas
687 2876 760 2897 was
780 2871 843 2898 not
862 2875 908 2897 an
928 2872 1055 2907 empty
1074 2863 1285 2897 declaimer.
1338 2862 1435 2896 “He
1461 2861 1532 2895 will
1559 2861 1675 2906 §peak
1702 2867 1764 2894 out
1791 2858 1848 2893 his
1874 2858 2008 2901 mind‚'’
2036 2859 2098 2892 but

438 2922 484 2954 he
505 2921 533 2954 is
550 2923 733 2955 r-mzscz'ous
752 2922 831 2955 that
849 2921 906 2955 his
925 2921 1045 2955 words
1064 2921 1159 2955 have
1178 2921 1272 2954 been
1289 2931 1415 2954 severe
1433 2933 1441 2961 ;
1461 2920 1540 2954 that
1558 2919 1631 2952 fact
1651 2918 1752 2952 itself
1767 2917 1900 2951 should
1916 2928 2003 2950 save
2022 2916 2098 2950 him

439 2980 530 3013 from
560 2987 760 3024 contempt.
830 2980 880 3013 So
906 2979 985 3013 also
1020 2979 1077 3012 his
1104 2979 1224 3012 words
1253 2978 1288 3011 in
1315 2978 1376 3012 the
1404 2984 1489 3011 next
1524 2977 1693 3010 section:
1730 2974 1830 3020 quod
1855 2985 1929 3008 non
1957 2974 2099 3019 absque

438 3037 564 3069 dolore
585 3036 706 3070 cordis
726 3037 852 3070 fateor.

505 3115 517 3135 ³
545 3116 643 3149 Idem
663 3117 779 3150 (licere
796 3120 831 3149 el
847 3118 975 3150 virum
996 3127 1170 3150 uxorum.
1217 3117 1287 3149 We
1307 3115 1402 3150 need
1429 3122 1503 3158 not,
1524 3113 1699 3159 possibly,
1720 3124 1823 3158 press
1850 3112 1954 3146 these
1981 3112 2102 3145 words

438 3185 478 3207 so
496 3174 550 3207 far
568 3187 608 3208 as
629 3182 665 3208 to
689 3175 918 3208 understand
941 3175 1042 3208 them
1062 3186 1102 3208 as
1123 3173 1309 3218 implying
1327 3173 1406 3207 that
1432 3184 1453 3206 a
1479 3172 1613 3217 bishop
1639 3183 1680 3206 or
1704 3171 1897 3216 presbyter
1921 3169 2030 3203 could
2055 3170 2102 3203 he

436 3230 551 3274 living
573 3231 655 3265 with
676 3244 818 3266 women
839 3231 872 3265 in
897 3233 1052 3266 unclean
1082 3232 1335 3271 intercourse3
1363 3231 1382 3246 “
1399 3242 1420 3264 a
1453 3229 1624 3264 husband
1651 3229 1692 3263 of
1713 3229 1884 3262 women”
1911 3227 2030 3261 would
2056 3228 2102 3261 be
