2173 3556
417 259 504 290 122
914 240 995 288 De
1019 239 1231 288 Excidio
1255 238 1573 286 Britanniae.

405 381 588 421 calciant
606 386 734 432 super
743 379 966 431 pulverem
989 384 1137 425 terrae,
1158 383 1199 417 et
1217 375 1402 428 colaphis
1422 374 1647 415 caedebant
1665 374 1804 426 capita
1817 379 2071 426 pauperum,

120 455 216 484 Amos
232 464 258 488 v,
276 455 304 483 6·
405 456 445 489 et
465 449 582 489 viam
620 447 852 488 humilium
887 445 1215 486 declinaverunt.
1280 444 1339 484 Et
1371 449 1471 496 post
1506 456 1673 496 pauca:
1705 441 1896 496 quaerite
1935 439 2069 480 domi-

407 533 508 558 nnm
531 524 570 558 et
591 517 754 564 vivens,
787 522 836 555 ut
865 530 946 555 non
984 515 1164 554 reluceat
1183 514 1293 554 sicut
1320 512 1435 565 ignis
1462 512 1612 552 domus
1644 510 1792 563 Ioseph
1825 516 1865 550 et
1884 509 2073 550 comedat

121 590 218 618 Amos
234 599 260 623 v,
282 599 325 618 10·
404 601 509 636 cam,
532 601 602 626 nec
621 586 703 626 crit
723 586 801 638 qui
832 585 1066 637 extinguat.
1128 584 1293 622 Domus
1324 581 1466 621 lsrael
1494 580 1586 621 odio
1607 580 1851 620 habuerunt
1871 578 1916 618 in
1929 577 2072 630 portis

405 656 727 708 redarguentem
750 661 790 693 et
819 653 992 693 verbum
1031 652 1191 692 iustzcm
1226 650 1466 691 abominati
1494 656 1605 690 sunt.
1668 648 1756 702 Qui
1793 648 1936 688 Amos
1969 660 2067 700 pro·
2091 654 2107 682 5

406 725 584 773 hibitus,
609 737 662 763 ne
686 723 969 775 prophetaret
993 722 1034 760 in
1065 720 1210 769 Israel,
1234 720 1400 772 absque
1425 718 1692 759 adulationis
1716 724 1868 770 tepore
1891 729 2069 769 respon-

122 791 220 866 2'1112‘705
240 791 289 824 vii,
315 801 362 827 14·
405 794 513 833 dens
532 808 539 832 :
572 792 623 831 N
622 806 672 831 on
694 805 823 837 cram,
847 790 998 842 inquit,
1020 803 1091 841 ego
1102 788 1310 841 propheta
1347 801 1417 828 nec
1438 787 1570 840 filius
1593 786 1834 838 prophetae,
1856 783 1934 824 sed
1949 797 2066 824 eram

394 868 550 914 pastor
581 860 804 912 caprarius
840 859 1040 898 vellicans
1079 856 1336 909 sycomoros‚¹
1369 863 1409 896 et
1442 856 1620 908 suscepit
1662 869 1725 895 me
1761 853 1976 894 Dominus
2016 852 2068 892 ab

404 931 551 970 ovibus
571 937 611 970 et
629 929 744 969 divit
764 928 980 968 Dominus
1000 927 1063 967 ad
1092 941 1187 967 me:
1219 927 1327 966 vade
1362 933 1402 966 et
1414 925 1663 978 prophetiza
1685 925 1730 964 in
1743 924 1906 976 plebem
1929 936 2067 963 meam

404 1000 582 1049 Israhel,
604 1006 645 1039 et
665 1013 776 1038 nunc
795 997 903 1037 andi
921 997 1094 1037 verbum
1118 995 1301 1035 Domini
1313 1011 1331 1043 ‚·
1364 1009 1511 1048 regem
1535 1008 1725 1047 namque
1748 992 2065 1046 alloquebatur.
2091 1002 2126 1020 10

412 1069 475 1108 Tu
509 1068 643 1108 dicis:
687 1067 776 1107 noli
804 1065 1054 1118 prophetare
1094 1065 1139 1104 in
1180 1064 1323 1104 lsrael
1358 1071 1399 1104 et
1450 1078 1530 1104 non
1567 1077 1786 1116 congreges
1828 1062 1976 1102 turbas
2022 1062 2068 1101 in

403 1139 574 1178 domum
598 1137 727 1176 [acob.
790 1136 974 1187 Propter
992 1134 1107 1187 quod
1122 1134 1223 1173 haec
1250 1133 1355 1173 dicit
1388 1133 1632 1173 Dominus:
1664 1146 1772 1172 uxor
1804 1138 1878 1171 tua
1901 1131 1945 1171 in
1967 1131 2069 1171 civi-

405 1213 490 1246 tate
511 1205 851 1246 mcretricabitnr
870 1210 911 1244 et
917 1204 1016 1256 filii
1035 1203 1103 1242 tui
1120 1209 1161 1242 et
1183 1203 1308 1256 filiae
1330 1209 1427 1242 tuae
1440 1202 1591 1254 gladio
1612 1202 1762 1242 cadent
1781 1208 1823 1241 et
1857 1207 1972 1241 terra
1995 1207 2070 1240 tua

390 1275 592 1327 funiculo
624 1274 823 1314 metietur
852 1279 893 1313 et
923 1279 968 1312 tu
1001 1272 1046 1312 in
1081 1278 1196 1311 teria
1230 1271 1441 1311 inmunda
1476 1271 1672 1311 morieris
1687 1287 1704 1319 ,·
1736 1270 1909 1310 Israhel
1926 1276 2069 1310 autem

120 1363 217 1390 Amos
233 1361 294 1395 viii,
312 1370 340 1397 4·
355 1370 380 1398 5·
403 1343 595 1395 asptivus
615 1343 793 1382 ducetur
810 1356 837 1381 a
860 1348 975 1381 terra
995 1355 1085 1380 sua.
1149 1340 1209 1380 Et
1231 1340 1342 1380 infra
1362 1355 1369 1380 ε
1402 1339 1568 1379 Audite
1589 1339 1732 1392 itaque
1752 1339 1861 1389 haec,
1883 1339 1960 1392 qui
1978 1353 2068 1379 con-
2092 1347 2126 1376 15

404 1412 623 1452 tribulatis
645 1412 817 1451 innume
828 1418 1059 1463 pauperem
1082 1416 1123 1449 et
1141 1409 1473 1449 dominationem
1505 1408 1700 1448 exercetis
1721 1408 1766 1448 in
1789 1408 1927 1460 inopes
1946 1415 2075 1460 super

405 1489 576 1531 terram,
623 1480 701 1534 qui
741 1479 912 1520 dicitis:
958 1478 1127 1532 quando
1168 1478 1373 1518 transibit
1412 1478 1568 1518 mensis
1608 1484 1658 1518 ut
1695 1477 1992 1530 adquiramus,
2032 1483 2074 1517 et

121 1569 335 1605 .›1mosviii,7,
354 1571 380 1597 3.
402 1551 578 1591 sabbata
600 1556 649 1590 ut
668 1549 911 1602 aperiamus
943 1548 1161 1588 thesauros
1177 1548 1202 1587 P
1264 1548 1323 1587 Et
1353 1555 1453 1600 post
1491 1561 1630 1600 pauca
1651 1562 1658 1587 :
1691 1547 1822 1586 Iurat
1855 1546 2072 1586 Dominus

403 1627 547 1660 contra
568 1618 808 1671 superbiam
828 1617 958 1666 Iacob,
975 1617 1034 1657 si2
1049 1616 1318 1657 obliviscetur
1338 1616 1382 1655 in
1404 1615 1703 1668 contemptione
1723 1622 1846 1667 opera
1868 1621 2011 1654 vestra
2032 1620 2071 1653 et

405 1691 450 1730 in
473 1690 541 1729 his
563 1703 643 1729 non
665 1687 987 1727 conturbabitur
1008 1692 1124 1726 terra
1145 1693 1184 1726 et
1218 1685 1379 1738 lugebit
1412 1685 1550 1724 omnis
1570 1684 1648 1737 qui
1675 1683 2006 1724 commorabitur
2025 1683 2070 1722 in
2091 1696 2129 1715 20

123 1771 220 1799 Amos
235 1769 296 1803 viii,
316 1778 359 1797 10.
405 1774 452 1799 ea
473 1765 513 1798 et
532 1756 724 1797 ascendet
755 1756 865 1796 sicut
884 1755 1053 1809 flumen
1086 1754 1401 1794 consummatio
1463 1754 1525 1794 Et
1558 1760 1801 1793 convertam
1822 1753 1912 1792 dies
1930 1753 2072 1804 festos

406 1834 564 1867 vestros
586 1827 630 1866 in
653 1826 811 1865 luctum
845 1831 885 1864 et
917 1824 1091 1864 iniciam
1126 1823 1171 1863 in
1205 1838 1368 1863 omnem
1403 1823 1595 1863 lumbum
1617 1822 1801 1862 cilicium
1823 1828 1864 1861 et
1884 1821 1929 1861 in
1951 1835 2072 1861 omne

406 1902 531 1948 caput
550 1894 878 1935 dccalvatzkmem
900 1900 941 1933 et
950 1900 1112 1945 ponam
1134 1907 1228 1932 eum
1250 1893 1361 1932 sicut
1379 1893 1538 1932 luctum
1561 1892 1705 1932 dilecti
1722 1898 1764 1932 et
1782 1906 1858 1940 eos,
1880 1891 2069 1944 quicum

125 1968 220 1996 ΑΜ]
236 1967 274 1996 ix.
297 1976 340 1996 10·
407 1980 450 2005 eo
470 1971 581 2014 sunt,
603 1964 713 2004 sicut
743 1963 854 2003 diem
890 1962 1105 2003 maeroris.
1168 1962 1227 2002 Et
1262 1963 1447 2002 iterum:
1484 1961 1639 2002 Gladio
1671 1961 1909 2001 morientur
1927 1974 2071 2000 omnes

398 2041 632 2087 peccatores
643 2033 795 2086 populi
816 2032 906 2081 mei,
928 2031 1006 2085 qui
1023 2031 1197 2071 dicunt:
1235 2045 1316 2071 non
1337 2030 1738 2083 appropinquabunt
1757 2043 1886 2082 neque
1906 2029 2076 2070 venient
2093 2039 2129 2067 25

407 2110 533 2156 super
552 2117 626 2142 nos
647 2102 772 2142 mala.

498 2172 586 2214 Sed
639 2178 682 2212 et
733 2177 911 2211 sanctus
966 2170 1163 2210 Micheas
1206 2175 1328 2210 vates
1371 2170 1587 2210 attendite
1638 2169 1743 2222 quid
1787 2169 1843 2210 sit
1885 2168 2044 2210 effatus
2065 2183 2073 2208 :
2095 2174 2156 2220 54

127 2252 373 2289 11l1·clz.vi,9-12.
409 2243 448 2281 A
458 2241 544 2290 ndi,
582 2241 795 2294 inquienS‚
827 2239 965 2280 tribus
987 2254 1001 2280 .·
1047 2245 1088 2279 et
1119 2238 1228 2292 quid
1258 2238 1480 2278 exornabit
1517 2238 1777 2279 civitatem?
1842 2237 2080 2291 Numquid

410 2311 536 2363 ignis,
586 2317 627 2350 et
674 2310 825 2350 domus
876 2309 1121 2362 iniquorum
1174 2307 1473 2348 thesaurizans
1523 2307 1569 2347 in
1626 2307 1844 2347 thesauros
1895 2307 2074 2360 iniquos,

410 2387 451 2420 et
481 2394 574 2420 cum
605 2379 772 2419 iniuria
803 2377 1022 2418 iniustitia
1039 2378 1083 2418 ?3
1128 2377 1198 2417 52⁸4
1230 2376 1536 2430 iustificabitur
1565 2376 1610 2416 in
1641 2382 1803 2416 statera
1834 2376 2010 2430 iniquus
2036 2382 2076 2416 et
2095 2382 2133 2410 30

480 2515 490 2535 ¹
518 2515 595 2549 Sed
615 2525 717 2548 eram
745 2515 881 2557 pastor
912 2512 1110 2556 caprarius
1139 2511 1320 2545 ‘vellicans
1351 2521 1581 2556 sycomoros;
1614 2509 1651 2544 in
1685 2510 1748 2544 the
1777 2510 1811 2543 V
1814 2510 1899 2553 ulg.,
1924 2509 1990 2543 sed
2013 2521 2073 2542 ar-

410 2574 619 2608 mentarius
637 2583 701 2617 cgo
718 2582 832 2612 sum;
857 2571 920 2605 the
941 2571 1057 2612 LXX,
1077 2569 1158 2603 ἀλλ’
1177 2571 1198 2613 ⁷’7'
1213 2569 1361 2604 αἰπόλος
1380 2571 1465 2613 ἥμην
1487 2568 1542 2602 καὶ
1563 2568 1688 2610 κνίζων
1709 2568 1885 2612 συκάμινα
1901 2580 1908 2602 1
1935 2568 1984 2611 by
2002 2566 2075 2601 this

408 2645 461 2667 we
481 2643 543 2666 see
562 2631 644 2665 how
663 2629 781 2664 literal
801 2629 862 2663 the
881 2627 1082 2672 rendering
1100 2627 1142 2662 is.

479 2689 492 2710 ²
519 2692 572 2724 Si.
625 2688 716 2723 This
746 2687 910 2733 particle,
939 2687 1039 2729 here,
1073 2685 1298 2731 reproduces
1329 2685 1486 2729 literally
1512 2685 1574 2719 the
1606 2683 1808 2719 Hebraism
1837 2683 1877 2717 of
1901 2683 1930 2716 εἰ
1959 2683 1995 2716 in
2025 2695 2073 2717 an

412 2748 587 2794 elliptical
607 2745 871 2789 construction,
891 2744 1100 2789 conveying
1118 2745 1180 2779 the
1198 2743 1413 2790 expression
1437 2743 1479 2778 of
1498 2755 1520 2778 a
1539 2743 1681 2778 solemn
1700 2743 1798 2777 oath.
1849 2742 1931 2775 The
1951 2742 2073 2776 Greek

410 2808 517 2841 reads
544 2807 628 2840 thus
648 2818 654 2840 z
681 2803 800 2849 ὀμνύει
827 2802 950 2848 Κύριος
977 2803 1063 2836 κατὰ
1087 2804 1146 2846 τῆς
1172 2802 1410 2847 ὑπερφανείας
1428 2801 1554 2843 Ἰακώβ
1581 2801 1620 2834 Εἰ
1637 2799 1917 2844 ἐπιλησθὴσεται
1937 2815 1968 2834 κ.
1987 2815 2018 2833 τ.
2039 2801 2070 2834 λ.

414 2868 444 2900 It
472 2866 501 2900 is
528 2872 591 2899 not
617 2863 828 2898 unfamiliar
856 2870 893 2897 to
920 2862 1070 2896 readers
1096 2862 1137 2895 of
1160 2861 1223 2896 the
1243 2862 1337 2895 New
1355 2861 1586 2903 Testament‚
1604 2870 1681 2904 e.g.‚
1701 2858 1736 2892 in
1764 2859 1860 2892 Heb.
1882 2857 1926 2901 iv,
1947 2868 1990 2902 3:
2023 2859 2072 2892 Si

410 2923 619 2957 introibunt
643 2923 682 2955 in
701 2922 861 2965 requiem
889 2919 1077 2954 meam—“
1094 2919 1129 2953 Is
1142 2919 1230 2963 they
1256 2919 1351 2953 shall
1378 2925 1481 2952 enter
1507 2917 1584 2952 into
1609 2928 1671 2961 my
1698 2916 1948 2959 rest'’=They
1973 2915 2071 2950 shall

410 2989 474 3016 not
493 2989 597 3016 enter
616 2980 692 3014 into
711 2992 773 3023 my
791 2986 875 3014 rest.

481 3039 494 3060 3
521 3039 727 3073 lnz'ustitia.
777 3039 789 3072 1
810 3038 905 3071 have
924 3036 1097 3081 changed
1115 3037 1177 3071 the
1197 3034 1439 3081 punctuation
1458 3035 1497 3070 of
1512 3035 1618 3069 other
1635 3032 1795 3068 editions
1813 3033 1861 3077 by
1880 3031 2073 3076 removing

414 3099 475 3132 the
502 3104 588 3131 note
615 3097 657 3131 of
678 3095 944 3139 interrogation
972 3095 1115 3138 usually
1133 3094 1266 3139 placed
1292 3093 1385 3128 after
1411 3094 1521 3138 ignis,
1541 3091 1727 3136 retaining
1745 3092 1831 3135 only
1849 3091 1911 3125 the
1930 3097 2017 3124 note
2035 3097 2073 3124 at

416 3157 477 3190 the
495 3155 568 3189 end
586 3155 626 3189 of
640 3155 702 3188 the
721 3160 907 3188 sentence.
963 3154 994 3187 It
1013 3164 1135 3187 seems
1159 3159 1196 3186 to
1215 3163 1274 3186 me
1292 3151 1475 3186 rendered
1493 3161 1691 3194 necessary
1708 3150 1756 3194 by
1775 3150 1838 3184 the
1856 3155 1931 3184 text
1949 3149 1990 3183 of
2011 3149 2073 3183 the

417 3214 532 3256 LXX,
567 3212 641 3246 and
668 3212 776 3246 reads
818 3211 908 3245 well.
973 3211 985 3244 1
1015 3211 1109 3245 have
1136 3209 1316 3245 ventured
1341 3220 1435 3244 even
1462 3215 1499 3244 to
1525 3207 1616 3243 omit
1642 3208 1705 3242 the
1730 3218 1767 3241 m
1799 3207 1842 3241 of
1869 3207 1932 3241 the
1966 3217 2072 3241 accu-
