2214 3556
66 403 182 431 l'itzlm.
203 403 304 435 xcviii,

61 1289 73 1316 I
93 1289 160 1317 Cor.
180 1298 227 1321 κν,
246 1298 292 1324 41.

59 1434 146 1462 Rom.
167 1434 228 1467 xiii,
250 1444 292 1463 10.

61 1563 151 1591 Esaz'.
171 1562 242 1595 lxiv,
261 1564 287 1591 6.

61 1702 180 1731 Alattlz.
201 1702 282 1735 xviii,

104 1751 148 1770 10.

63 1781 156 1810 Esai.
169 1781 229 1814 lxv,
246 1790 270 1818 5.

61 1849 180 1878 Alattlz.
199 1859 226 1882 ν,
242 1859 320 1887 3-10.

351 280 373 309 2
382 266 445 311 60
997 264 1047 311 Α
1043 263 1267 327 ppendz‘x
1299 263 1350 311 Α
1358 303 1366 311 .

345 399 571 439 ventiones
603 406 645 440 et
678 401 1059 453 praesumptiones
1102 414 1189 440 non
1233 400 1438 440 fecerunt.
1525 398 1585 437 Hi
1627 398 1732 438 dum
1776 394 1906 448 pane1
1949 394 2004 434 ad

345 481 593 507 mensuram
627 474 820 518 utuntur,
847 483 926 521 pro
958 469 1039 509 hoc
1075 469 1168 508 sine
1205 481 1407 508 mensura
1442 467 1714 519 gloriantur:
1748 467 1854 505 dum
1887 477 2002 516 aqua

343 542 535 585 utuntur,
557 536 685 576 simul
718 537 807 577 odii
840 537 999 589 poculo
1032 543 1270 589 potantur:
1302 537 1408 576 dum
1442 535 1567 574 siccis
1600 534 1784 582 ferculis,
1807 532 1935 572 simul
1959 538 2002 571 et

342 605 735 645 detractationibus
766 605 989 645 fruuntur:
1023 606 1129 645 dum
1155 605 1327 656 vigilias
1360 604 1624 652 extendunt,
1646 603 1818 655 aliquos
1847 614 2003 641 somno

342 673 566 713 demersos
608 680 774 722 notant,
812 674 996 726 pedibus
1033 680 1077 714 et
1116 673 1324 713 membris
1361 673 1559 712 dicentes
1597 671 1780 711 ceteris:
1832 670 1867 709 si
1911 683 1997 708 non

341 749 473 794 caput
503 742 644 791 fueris,
676 749 723 782 ut
755 756 838 795 ego
870 757 978 791 sum,
1002 743 1057 782 ad
1091 742 1213 782 nihili
1250 749 1292 782 te
1325 741 1604 794 conputabo:
1638 740 1755 793 quod
1790 752 1876 778 non
1910 744 2000 778 tam

342 824 422 862 pro
450 810 696 851 dilectionis
719 825 849 851 causa
877 811 1150 864 promittitur
1173 824 1305 863 quam
1337 811 1585 863 despectus,
1617 810 1722 849 dum
1753 806 2003 861 principali-

343 880 424 919 bus
460 880 646 920 decretis
685 881 963 920 meditantur.
1043 880 1203 920 Servos
1238 879 1442 928 dominis,
1479 879 1636 930 vulgus
1675 876 1860 930 regibus,
1897 888 2003 915 auro

344 948 588 1001 plumbum,
611 955 795 1001 argento
818 949 991 997 ferrum,
1014 949 1166 988 ulnum
1190 947 1451 1002 praeferunt.
1508 948 1575 986 Ita
1599 946 1807 986 ieiunium
1832 944 2000 984 caritati

342 1017 513 1070 vigilias
546 1018 748 1066 iustitiae,
786 1018 1007 1070 propriam
1044 1017 1402 1057 adinventionem
1439 1016 1712 1064 concordiae,
1744 1011 2002 1054 clausulam?

343 1086 562 1135 ecclesiae,
599 1086 877 1126 severitatem
918 1086 1169 1133 humilitati,
1204 1092 1428 1138 postremo
1470 1084 1696 1123 hominem
1741 1083 1839 1122 Deo
1880 1087 2000 1120 ante-

343 1161 542 1206 ponunt:
595 1168 682 1194 non
718 1155 999 1195 intendentes
1041 1155 1160 1207 quod
1203 1154 1495 1206 euangelium,
1530 1153 1605 1192 sed
1645 1151 1763 1204 quod
1798 1150 2002 1190 voluntas

344 1223 463 1263 iubet
485 1237 493 1273 ;
531 1224 634 1275 quid
660 1223 899 1276 apostolus,
923 1223 999 1263 sed
1023 1223 1128 1276 quid
1152 1222 1357 1275 superbia
1388 1223 1545 1262 doceat
1566 1235 1574 1270 ;
1608 1235 1695 1261 non
1724 1219 2002 1260 intendentes

342 1299 506 1332 statum
540 1292 730 1332 siderum
768 1293 809 1331 in
852 1292 975 1332 caelo
1018 1292 1293 1345 inaequalem
1336 1305 1432 1331 esse
1473 1297 1517 1330 et
1559 1289 1817 1342 angelorum
1861 1287 2003 1327 officia

343 1361 600 1414 inaequalia.
665 1361 725 1401 Hi
761 1362 969 1411 ieiunant,
1003 1361 1123 1414 quod
1162 1362 1243 1401 nisi
1282 1367 1461 1414 propter
1495 1359 1603 1399 alias
1639 1359 1824 1398 virtutes
1853 1357 2002 1396 adsec-

341 1436 500 1478 tantur,
524 1429 629 1468 nihil
668 1430 858 1481 prodest.
928 1430 994 1469 Illi
1025 1430 1269 1477 caritatem,
1291 1442 1404 1481 quae
1431 1441 1605 1467 summa
1632 1426 1864 1479 plenitudo
1894 1424 2002 1476 legis

341 1505 418 1546 est,
441 1498 685 1538 intentione
710 1497 941 1550 perficiunt
965 1513 989 1538 a
1015 1499 1112 1538 Deo
1141 1499 1272 1547 docti,
1295 1511 1393 1537 cum
1420 1496 1611 1549 Spiritus
1635 1494 1787 1536 Sancti
1810 1492 2002 1533 citharae

341 1568 494 1606 dicunt
540 1566 679 1616 Quasi
706 1574 887 1619 pannus
929 1574 1219 1607 menstruatae
1259 1567 1398 1606 (menis
1440 1565 1633 1605 institiae
1676 1569 1852 1603 nostrae.
1941 1561 2000 1600 Hi

343 1642 488 1675 autem
526 1635 649 1675 folles
692 1636 856 1675 diaboli
899 1637 1052 1676 dicunt
1092 1636 1272 1676 forsitan
1319 1635 1587 1683 melioribus,
1625 1646 1811 1685 quorum
1852 1630 2001 1670 vident

342 1705 487 1755 angeli
520 1704 675 1744 faciem
712 1705 878 1744 Patris:
922 1705 1115 1744 Recedite
1155 1720 1181 1744 a
1224 1704 1352 1753 nobis,
1384 1703 1487 1755 quia
1520 1701 1741 1742 immunda·
1778 1700 1878 1740 estis
1914 1713 2000 1752 quo
2053 1711 2058 1724 ‘

343 1773 569 1826 respondit
591 1773 798 1813 dominus
820 1789 827 1813 ε
860 1774 945 1814 Isti
951 1775 1114 1825 summ
1143 1780 1271 1813 erunt
1301 1774 1344 1813 in
1355 1774 1512 1825 furore
1535 1785 1632 1821 meo,
1654 1777 1694 1810 et
1715 1769 1831 1822 zgm's
1846 1769 2002 1808 ardens

342 1842 499 1882 cotidie.
576 1842 675 1882 Non
710 1849 967 1895 spernentes
1002 1843 1183 1883 fratres:
1227 1842 1334 1882 dicit
1375 1842 1594 1881 Dominus
1616 1846 1826 1891 pauperes
1866 1837 2003 1877 beatos

343 1925 449 1961 esse,
484 1912 559 1951 sed
603 1925 818 1964 pauperes
860 1925 946 1951 non
991 1912 1226 1959 animosos,
1260 1912 1334 1951 sed
1373 1910 1528 1957 mites,·
1571 1922 1713 1960 neque
1751 1907 2001 1954 invidiosos,

341 1981 416 2020 sed
458 1980 646 2032 lugentes
686 1981 753 2020 vel
797 1981 974 2033 propria
1016 1981 1082 2020 vel
1127 1980 1311 2020 aliorum
1356 1986 1567 2032 peccata3
1618 1977 1698 2030 qui
1733 1976 1931 2016 esuriunt
1963 1982 2003 2015 et

339 2049 497 2088 sitiunt
536 2063 622 2088 non
656 2063 815 2102 aquam
855 2063 954 2089 cum
990 2056 1235 2089 ceterorum
1268 2049 1490 2100 despectu,
1526 2046 1601 2086 sed
1640 2045 1853 2085 iustitiam
1873 2059 1888 2090 ,·
1922 2058 1999 2083 nec

344 2132 422 2170 pro
449 2118 584 2157 nihilo
612 2118 721 2157 alios
754 2119 979 2167 ducentes,
1011 2119 1086 2158 sed
1118 2117 1406 2157 misericordes
1419 2132 1437 2164 ,·
1476 2130 1561 2155 non
1594 2115 1673 2168 qui
1698 2113 1898 2166 superbo,
1924 2112 1999 2152 sed

343 2186 500 2225 mando
521 2186 639 2225 corde
657 2201 673 2232 ,·
708 2200 794 2225 non
825 2186 904 2225 alis
938 2187 1088 2233 severi,
1112 2187 1188 2226 sed
1213 2185 1418 2238 pact-'ficis
1453 2198 1538 2223 non
1564 2183 1636 2236 qui
1661 2182 1853 2222 inferunt
1876 2180 2000 2227 bella,

341 2255 416 2293 sed
440 2255 855 2306 quipersecutionem
873 2255 1111 2307 patiuntur
1129 2261 1307 2307 propter
1336 2253 1562 2301 iustitiam,
1583 2251 1780 2291 habituri
1798 2249 2001 2290 videlicet

341 2337 518 2375 regumn
540 2325 759 2364 caelorum.

410 2491 421 2511 ¹
448 2493 529 2525 The
548 2492 792 2525 Hl'berm’nsis
810 2490 942 2535 begins
962 2490 1047 2524 with
1068 2492 1086 2507 ‘⁶
1103 2490 1151 2524 Hi
1172 2491 1260 2524 dum
1281 2502 1376 2535 pane
1396 2491 1431 2524 :⁷²
1458 2501 1561 2523 some
1580 2486 1781 2522 variations
1808 2496 1928 2526 occur,
1947 2496 2000 2525 as,

340 2549 394 2582 for
426 2549 603 2591 instance,
624 2549 766 2583 “while
798 2550 884 2593 they
903 2549 986 2583 seed
1006 2561 1053 2582 on
1082 2549 1213 2583 sacred
1243 2549 1375 2591 difies,
1402 2549 1488 2591 they
1514 2559 1578 2581 use
1606 2544 1863 2580 detractions⁷'
1882 2543 1999 2585 (Dum

341 2607 478 2641 sanctis
497 2607 643 2641 ferculis
662 2614 870 2650 vescuntur,
890 2607 1225 2641 detractationibus
1245 2606 1409 2648 utuntur)
1429 2619 1435 2646 ;
1462 2606 1523 2639 the
1543 2605 1660 2638 whole
1680 2603 1709 2637 is
1728 2601 1917 2636 curtailed.

411 2666 492 2699 The
510 2664 741 2699 antithetical
761 2665 953 2699 character
971 2665 1012 2698 of
1027 2666 1088 2698 the
1104 2666 1288 2709 language
1304 2664 1338 2698 in
1356 2664 1428 2698 this
1447 2670 1585 2697 extract
1601 2661 1764 2696 reminds
1779 2672 1821 2694 us
1836 2659 1876 2692 of
1890 2669 2001 2701 many

341 2730 441 2766 parts
463 2723 504 2756 of
525 2724 585 2757 the
606 2724 661 2756 De
681 2724 842 2756 Eael'dz'o
860 2736 866 2764 3
895 2723 1035 2757 Gildas’
1051 2723 1206 2767 phrases
1226 2734 1320 2756 were
1340 2722 1450 2765 likely
1466 2728 1502 2755 to
1521 2721 1638 2762 catch,
1659 2719 1749 2753 such
1767 2730 1819 2759 as,
1840 2717 1859 2732 “
1874 2715 1996 2757 eating,

341 2781 456 2814 bread
475 2782 523 2825 hy
538 2792 718 2823 measure,
738 2780 909 2825 glorying
928 2781 1070 2815 therein
1091 2781 1238 2824 beyond
1259 2781 1459 2822 measure,’⁷
1479 2778 1686 2823 “enjoying
1705 2777 1771 2821 dry
1784 2775 1909 2809 dishes
1927 2773 2001 2807 and

340 2838 590 2883 l)ackl)iting‚²'
609 2846 689 2881 eto,
710 2839 783 2872 and
803 2851 856 2873 we
875 2839 923 2872 do
941 2846 1005 2873 not
1024 2839 1174 2873 wonder
1193 2840 1279 2882 they
1299 2850 1393 2872 were
1413 2837 1621 2882 preserved.

410 2930 422 2950 2
449 2931 667 2964 Clausulam
683 2932 856 2964 ecclesiae.
909 2931 991 2964 The
1010 2931 1291 2964 abandonment
1307 2931 1348 2964 of
1362 2930 1423 2964 the
1441 2939 1613 2963 common
1627 2926 1687 2960 life
1702 2926 1742 2959 of
1756 2937 1777 2958 a
1789 2931 2000 2966 monastery

339 2987 394 3020 sor
412 2999 433 3020 a
446 2987 609 3022 hermit⁷s
628 2987 698 3022 cell
715 2987 857 3021 carried
878 2987 962 3021 with
984 2987 1007 3021 it
1027 2989 1107 3021 also
1128 2988 1189 3022 the
1209 2988 1282 3021 loss
1301 2987 1342 3021 of
1356 2988 1417 3021 the
1438 2985 1616 3020 Church's
1635 2993 1809 3018 common
1828 2981 1888 3015 life
1906 2994 1913 3022 ;
1939 2981 2000 3014 the

339 3044 496 3079 benefits
515 3046 555 3079 of
571 3045 739 3090 ministry
767 3046 841 3079 and
861 3053 1091 3080 sacraments
1113 3058 1208 3080 were
1229 3045 1263 3079 in
1284 3045 1357 3080 this
1377 3057 1455 3089 way
1473 3045 1615 3078 thrown
1635 3041 1738 3076 aside
1758 3040 1793 3074 in
1813 3040 1874 3074 the
1894 3039 2000 3072 isola-

342 3102 417 3135 tion
437 3103 477 3136 of
501 3103 561 3136 the
579 3104 712 3137 desert.
767 3106 816 3137 So
844 3104 897 3137 sar
914 3116 955 3137 as
984 3103 1055 3137 this
1084 3103 1318 3148 deprivation
1348 3115 1421 3137 was
1449 3101 1631 3143 involved,
1651 3100 1713 3134 the
1736 3110 1815 3132 new
1843 3096 1947 3141 spirit
1972 3095 2002 3129 is

348 3162 528 3194 censured
549 3162 597 3205 by
617 3161 756 3195 (jildas.
819 3163 1002 3196 clausula
1023 3162 1052 3196 is
1071 3161 1267 3206 explained
1285 3162 1333 3205 by
1354 3162 1415 3195 Du
1431 3162 1558 3204 Cange
1577 3170 1617 3193 as
1637 3159 1656 3174 ‘⁶
1670 3170 1692 3192 a
1710 3156 1817 3191 small
1835 3155 2002 3189 clausum

345 3230 445 3252 oran
459 3220 640 3253 enclosed
655 3221 723 3254 cell
744 3220 778 3253 in
798 3218 916 3254 which
935 3221 1080 3254 lnclusz'
1102 3231 1143 3253 or
1162 3219 1329 3254 Hermits
1347 3219 1487 3253 dwelt.‘'³
1538 3218 1716 3252 clausum
1735 3215 1765 3248 is
1784 3213 1898 3247 found
1916 3212 2002 3246 with

2024 1020 2059 1039 10
