2173 3556
365 245 452 289 106
857 243 936 289 De
961 242 1170 290 Excidio
1195 241 1509 289 Britanniae.

73 382 103 410 11
122 382 199 411 Par.
220 391 299 415 xxw,
355 379 429 431 qui
464 392 646 431 surgens
683 379 849 432 populo
885 379 1027 419 dixit:
1059 378 1160 418 baec
1192 378 1298 418 dicit
1331 378 1580 419 Dominus:
1611 393 1744 431 quare
1764 376 2014 431 praeteritis

110 431 156 450 20.

70 651 109 680 Is.
130 651 147 684 i,
167 661 194 683 2,
214 661 239 689 3.

67 997 107 1025 ls.
128 997 146 1030 i,
166 999 191 1027 8.

66 1137 106 1166 ls.
126 1137 143 1169 i.
165 1146 208 1166 10.

65 1616 105 1644 ls.
126 1615 144 1648 i,
165 1625 208 1653 13.

65 1688 105 1717 Is.
126 1688 144 1721 i,
165 1697 209 1726 15.

64 1961 105 1990 [ς.
125 1961 143 1994 i,
164 1962 209 1994 16,
231 1971 275 1998 17.

63 2171 102 2200 ls.
119 2171 137 2204 i,
158 2173 253 2200 18-20.

343 454 567 500 praecepta
588 447 774 487 Domini
791 454 831 488 et
851 462 932 488 nou
945 447 1307 500 prosperamini?
1328 449 1432 501 quia
1447 447 1737 500 dereliquistis
1758 446 2010 494 Dominum,

353 523 394 556 et
411 517 673 570 derelinquet
692 531 773 557 vos.

443 582 561 635 Quid
594 583 649 623 de
683 590 862 623 auctore
899 584 1213 637 prophetarum
1240 584 1389 623 Esaia1
1417 584 1594 624 dicam?
1626 583 1699 636 qui
1736 583 2009 635 prooemium
2032 582 2090 625 42

354 651 565 703 profetiae
598 665 702 691 suae
724 652 790 691 vel
814 653 1028 692 visionem
1052 653 1113 692 ita
1136 667 1321 693 exorsus
1353 659 1419 693 est
1453 653 1628 693 dicens:
1661 652 1817 700 audite,
1839 652 1953 701 caeli,
1975 658 2015 692 et
2051 663 2067 691 5

353 720 532 760 auribus
542 721 755 773 percipite,
773 728 899 771 terra,
917 721 1119 774 quoniam
1138 722 1354 762 Dominus
1365 723 1526 762 locutus
1546 728 1618 762 est.
1662 721 1800 761 Filios
1821 721 2017 761 enutrivi

352 796 392 829 et
411 790 610 839 exaltavi,
627 790 864 842 ipsiautem
885 797 1137 843 spreverunt
1158 805 1230 831 me.
1279 790 1484 843 Cognovit
1504 790 1574 830 bos
1584 798 1862 843 possessorem
1884 804 2010 830 suum

351 864 391 897 et
425 858 576 897 asinus
597 865 796 910 praesepe
835 858 1003 899 domini
1030 859 1111 908 sui,
1148 859 1321 899 Israhel
1348 865 1490 899 autem
1528 873 1593 899 me
1632 873 1713 899 non
1749 859 1942 912 cognovit
1973 865 2014 899 et

342 927 526 978 populus
547 941 664 966 meus
692 941 772 966 non
807 927 1022 968 intellexit.
1085 928 1144 968 Et
1166 935 1266 981 post
1289 942 1430 981 pauca
1468 929 1610 968 minas
1643 929 1821 968 meritas
1858 934 2009 968 tantae

351 994 627 1046 insipientiae
649 1000 829 1047 aptans:
851 995 1176 1048 derelinquetur,
1199 997 1352 1048 inquit,
1362 996 1469 1048 filia
1493 996 1599 1036 Sion
1623 1002 1671 1036 ut
1691 995 2009 1036 tabernaculum
2031 1005 2067 1024 10

351 1059 396 1099 in
419 1060 544 1100 vinea
564 1067 604 1100 et
622 1060 732 1100 sicut
751 1061 975 1113 tugurium
999 1062 1043 1101 in
1065 1063 1364 1112 cucumerario,
1385 1062 1495 1102 sicut
1505 1063 1659 1102 civitas
1678 1077 1786 1115 quae
1801 1069 2010 1104 vastatur.

352 1129 410 1169 Et
452 1130 670 1182 principes
704 1130 950 1183 specialiter
987 1131 1251 1171 conveniens
1288 1132 1349 1171 ait
1370 1147 1377 1171 :
1409 1131 1574 1171 Audite
1613 1132 1786 1171 verbum
1820 1131 2010 1180 Domini,

338 1197 556 1250 prz'uczpes
591 1197 872 1238 Sodomorum
891 1215 911 1247 ,·
931 1199 1136 1252 percipite
1161 1199 1291 1252 legem
1313 1199 1505 1247 Domini,
1518 1200 1704 1252 populus
1738 1199 2009 1240 Gomorrlzae.

351 1267 608 1307 Notandum
633 1281 749 1317 sane,
772 1268 891 1320 quod
918 1269 1055 1321 iniqui
1074 1282 1197 1321 reges
1220 1269 1439 1322 principes
1463 1269 1760 1311 Sodomorum
1788 1275 2008 1310 vocentur.

351 1336 592 1376 Prohibens
614 1350 806 1389 namque
830 1337 1051 1378 Dominus
1075 1337 1289 1378 sacrificia
1306 1345 1350 1379 et
1372 1339 1490 1378 dona
1513 1338 1595 1378 sibi
1619 1352 1644 1378 a
1668 1337 1830 1377 talibus
1853 1337 2010 1387 offerri,
2028 1350 2064 1379 15

348 1406 410 1455 (ct
438 1418 516 1444 nos
541 1405 760 1445 inhiantes
782 1406 1066 1459 suscipimus²
1087 1421 1199 1460 quae
1223 1407 1321 1447 Deo
1344 1407 1399 1447 ab
1431 1407 1550 1447 omni
1584 1407 1763 1446 natione
1796 1413 1898 1447 sunt
1921 1421 2008 1447 non

348 1473 522 1526 placita,
557 1474 802 1527 eademque
836 1476 987 1528 egenis
1029 1482 1072 1516 et
1109 1490 1250 1528 paene
1285 1476 1391 1516 nihil
1422 1475 1688 1516 habentibus
1726 1476 1927 1516 distribui
1965 1477 2007 1516 in

348 1543 584 1594 perniciem
609 1550 804 1583 nostram
828 1558 915 1583 non
939 1544 1142 1595 sinimus)
1158 1558 1256 1584 cum
1274 1544 1373 1585 latis
1395 1544 1559 1584 divitiis
1582 1544 1785 1592 oneratiS,
1806 1544 2008 1584 sordibus

349 1617 628 1662 peccatorum
653 1612 833 1653 intentis
856 1612 917 1653 ait
938 1628 945 1653 :
970 1628 1020 1653 ne
1035 1613 1231 1666 afferatis
1245 1614 1363 1654 ultra
1378 1613 1635 1667 sacrificium
1645 1614 1849 1665 frustra:
1872 1614 2004 1654 incen-

346 1693 441 1719 sum
471 1679 730 1720 abominatio
751 1687 813 1721 est
832 1681 952 1722 milii.
1018 1682 1220 1734 Itemque
1253 1682 1487 1722 denuntiat
1508 1698 1515 1722 :
1548 1688 1588 1721 et
1621 1696 1714 1722 cum
1737 1682 2010 1722 extenderitis
2027 1695 2064 1715 20

347 1763 502 1789 manus
533 1755 707 1798 vestras,
730 1757 923 1790 avertam
946 1751 1081 1790 oculos
1113 1765 1224 1791 meos
1244 1765 1271 1791 a
1292 1750 1418 1800 vobis,
1440 1757 1481 1791 et
1503 1765 1596 1791 cum
1620 1750 2009 1803 multiplicaveritis

347 1818 589 1867 orationem,
611 1832 692 1858 non
729 1819 968 1860 exaudiam.
1032 1820 1091 1860 Et
1133 1819 1216 1860 hoc
1253 1833 1388 1873 quare
1430 1820 1534 1860 facit
1575 1820 1769 1860 ostendit
1789 1835 1796 1860 :
1842 1835 2007 1870 manus,

347 1887 560 1940 inquienS,
581 1894 745 1927 vestrae
765 1888 976 1940 sanguine
987 1889 1141 1941 plenae
1160 1895 1271 1929 sunt.

434 1955 664 2010 Simulque
686 1958 934 2007 ostendens,
950 1958 1176 2010 quomodo
1199 1958 1456 2011 placaretur,
1478 1958 1563 1999 ait:
1586 1957 1834 2007 Lavamini,
1857 1959 2013 1998 mundi

345 2031 478 2074 estote,
500 2026 664 2076 auferte
686 2026 848 2066 malum
870 2026 1172 2079 cogitationum
1195 2033 1437 2067 vestrarum
1455 2027 1508 2067 ab
1528 2028 1657 2067 oculz's
1678 2027 1793 2076 meis,
1814 2027 2009 2080 quiescite
2027 2042 2063 2069 25

346 2108 469 2147 agere
479 2101 687 2146 pe7verse,
706 2095 850 2135 discite
868 2095 1110 2147 benefacere,
1132 2096 1323 2149 quaerite
1337 2096 1555 2146 iudicium,
1571 2096 1788 2136 subvenite
1808 2103 2007 2149 oppresso,

346 2163 717 2216 iudicatepzuu'llo
780 2164 917 2217 Quasi
941 2166 1128 2218 placoris
1162 2166 1509 2206 vicissitudinem
1547 2166 1793 2218 adiungens
1829 2167 1919 2206 ait:
1953 2166 2011 2207 52·

334 2233 510 2284 fuerint
534 2240 705 2285 peccata
741 2241 883 2274 vestra
920 2241 968 2275 ut
999 2235 1217 2284 coccinum,
1251 2235 1380 2288 quasi
1413 2235 1492 2275 nix
1524 2235 1839 2275 dealbabuntur
1854 2251 1868 2276 .·
1901 2242 1941 2276 et
1969 2236 2012 2276 si

333 2302 508 2353 suerint
530 2303 661 2342 rubra
683 2303 811 2355 quasi
839 2303 1105 2353 vermiculus,
1127 2304 1244 2344 velut
1269 2304 1373 2343 lana
1394 2304 1492 2344 alba
1513 2310 1648 2345 erunt.
1712 2304 1748 2344 S
1751 2304 1770 2343 i
1788 2304 2008 2345 volueritis

342 2377 382 2410 et
413 2370 642 2410 audieritis
674 2385 749 2420 me,
773 2372 879 2412 bona
908 2379 1045 2412 terrae
1065 2373 1421 2413 ⁰manducabitis.3
1485 2373 1614 2423 Quod
1637 2373 1679 2412 si
1713 2373 1935 2414 nolueritis
1967 2380 2007 2413 et
2023 2383 2061 2411 30

342 2454 406 2479 me
417 2440 752 2491 provocaveritis
773 2441 836 2480 ad
852 2441 1136 2490 iracundiam,
1151 2442 1332 2493 gladius
1354 2441 1573 2482 devorabit
1592 2456 1673 2482 vos.

415 2572 425 2593 ¹
453 2573 583 2606 Esaia.
636 2573 717 2607 The
747 2573 936 2608 extensive
954 2573 1168 2618 quotations
1197 2574 1276 2607 that
1303 2573 1425 2607 follow
1451 2573 1545 2606 from
1568 2572 1691 2606 Isaiah
1722 2574 1797 2607 and
1814 2573 2001 2617 Jeremiah

340 2642 402 2665 are
428 2630 630 2675 according
649 2638 686 2665 to
705 2632 766 2665 the
779 2632 939 2675 Vulgate
955 2631 1112 2666 version.
1165 2633 1264 2665 Four
1282 2631 1390 2665 times
1408 2631 1470 2665 the
1488 2631 1581 2664 form
1601 2631 1751 2674 Esaias,
1770 2632 2000 2676 reproduced

341 2689 375 2722 in
395 2690 456 2723 the
487 2689 547 2722 old
568 2690 696 2723 &Velsh
727 2690 801 2723 and
833 2689 991 2733 English
1011 2690 1125 2734 Esay,
1155 2701 1285 2724 occurs
1315 2689 1349 2723 in
1369 2688 1442 2723 this
1471 2689 1581 2731 work,
1610 2689 1750 2733 though
1771 2690 1832 2724 the
1851 2690 2001 2724 codices

340 2748 372 2780 A
391 2747 464 2780 and
485 2748 518 2780 D
539 2759 627 2791 vary
645 2748 811 2781 between
841 2748 971 2781 Ysaias
995 2748 1070 2782 and
1093 2748 1225 2781 Jsaias.
1277 2748 1358 2781 The
1386 2746 1545 2780 familiar
1562 2746 1686 2780 Isaias
1711 2747 1753 2780 of
1774 2747 1836 2781 the
1857 2747 1998 2782 Sixtine

340 2805 413 2838 and
434 2805 665 2840 Clementine
684 2806 845 2848 Vulgate
875 2806 903 2839 is
932 2806 1157 2840 abandoned
1185 2806 1240 2839 sor
1270 2806 1410 2839 Esaias
1436 2804 1471 2838 in
1491 2805 1553 2839 the
1579 2816 1659 2839 new
1687 2805 1827 2839 Oxford
1859 2806 1999 2841 edition

342 2863 383 2895 of
396 2863 458 2896 the
479 2863 571 2897 New
590 2864 810 2897 Testament
828 2864 1000 2907 Vulgate.

410 2921 557 2954 Auctor
574 2921 847 2965 prophetarum
877 2921 905 2955 is
933 2933 955 2956 a
985 2921 1132 2956 curious
1163 2921 1313 2965 epithet.
1368 2922 1399 2955 It
1428 2933 1513 2965 may
1539 2932 1647 2955 mean
1668 2921 1746 2955 that
1773 2921 1808 2955 in
1840 2922 1901 2956 the
1920 2934 2000 2956 new

343 2978 490 3012 codices
509 2979 549 3012 of
575 2979 636 3012 the
665 2979 836 3023 Vulgate,
856 2979 975 3013 which
1004 2991 1099 3014 were
1117 2980 1268 3023 coming
1296 2979 1373 3013 into
1401 2978 1558 3020 sashion,
1586 2979 1648 3013 the
1675 2979 1774 3012 book
1804 2979 1846 3012 of
1877 2979 2000 3014 Isaiah

344 3037 450 3070 stood
488 3037 564 3070 first
590 3037 631 3069 of
659 3037 706 3070 all
735 3038 795 3071 the
822 3037 1052 3082 prophetica]
1088 3038 1218 3080 books,
1254 3037 1398 3071 instead
1434 3037 1475 3070 of
1503 3036 1596 3070 aster
1634 3037 1695 3070 the
1722 3037 1850 3070 twelve
1881 3037 2001 3071 minor

345 3095 535 3138 Prophets.
579 3094 670 3128 This
689 3095 761 3129 fact
781 3095 976 3140 itselfmay
994 3097 1088 3130 have
1103 3095 1296 3140 deepened
1316 3095 1377 3129 the
1396 3093 1605 3129 conviction
1624 3093 1743 3128 which
1762 3095 1809 3128 all
1828 3095 1902 3138 felt,
1922 3096 2000 3130 that

344 3153 378 3186 in
398 3153 472 3185 him
492 3164 544 3186 we
563 3153 656 3186 have
675 3153 737 3186 the
757 3153 881 3197 prince
901 3155 942 3188 of
955 3155 1142 3198 prophetS.

413 3209 426 3230 ²
451 3211 531 3243 ,Nos
557 3210 743 3244 inhiantes
772 3212 1019 3255 suscipimus:
1047 3223 1100 3245 we
1135 3210 1221 3245 with
1252 3210 1416 3255 cupidity
1450 3210 1602 3245 receive.
1657 3211 1688 3245 It
1719 3209 1748 3244 is
1779 3210 1931 3246 difficult
1963 3219 2000 3246 to
