2214 3556
112 470 173 499 soh.
194 469 251 503 xiv,
270 471 296 498 6.

113 611 120 637 1
142 611 202 639 lotz.
224 620 262 644 lv,
280 613 306 640 8.

108 815 223 843 ‚llatlhn
245 815 282 847 xi,
303 824 347 852 29.

109 949 181 976 Luc.
203 948 263 981 xxi,
284 957 328 984 19.

107 1015 192 1043 Phil.
214 1015 243 1047 ii,
262 1017 288 1043 8.

108 1086 181 1114 an.
204 1085 242 1118 vi,
261 1086 306 1122 36.

149 1126 211 1154 lac.
232 1125 269 1157 iv.
288 1126 314 1153 6.

110 1177 138 1204 ΙΙ
159 1177 241 1204 Pctr.
262 1185 288 1209 v,
309 1184 334 1212 5.

107 1288 215 1316 CUIUU.
233 1287 274 1321 1111
293 1296 318 1324 5.

108 1355 118 1382 1
139 1356 207 1382 (for.
228 1354 266 1387 vi,
288 1364 332 1383 10.

108 1561 119 1589 1
139 1562 221 1590 Ιῆϊν.
243 1571 270 1595 v,
290 1563 316 1590 3.

108 1839 176 1866 (hll,
198 1848 222 1866 V.
243 1846 288 1865 22.

395 259 489 317 366
1055 254 1169 303 Vita
1211 254 1399 303 Gz'tdae.

393 393 559 433 lucrum
584 393 801 446 promittit
825 392 950 432 nobis
974 393 1068 445 ipsa
1090 392 1261 440 veritas,
1284 406 1395 445 quae
1418 398 1484 432 est
1515 391 1724 432 Christus.
1789 391 1889 443 Ipse
1921 390 2050 437 enim,

394 468 441 501 ut
473 462 588 502 dixit
621 468 687 502 est
719 461 802 510 via,
832 461 993 501 veritas
1023 467 1063 500 et
1095 461 1197 501 vita.
1261 461 1319 502 Se
1352 461 1495 513 ipsum
1531 460 1678 512 itaque
1708 459 1832 498 nobis
1869 458 2053 498 daturus

392 538 466 570 est.
552 530 651 569 Non
705 543 809 582 ergo
877 530 1152 582 negligamus
1206 530 1347 582 ipsum
1400 529 1573 576 habere,
1625 528 1768 580 ipsum
1817 527 2049 578 possidere.

395 599 570 639 Habete
598 606 745 639 autem
769 606 811 639 et
845 599 884 638 in
909 598 1033 638 vobis
1066 598 1321 638 continuam
1352 598 1593 645 caritatem,
1615 597 1730 649 quia,
1752 597 1871 636 Dens
1892 596 2053 635 caritas

391 674 452 706 est
472 674 513 706 et
547 668 625 720 qni
645 674 788 707 manet
815 668 858 706 in
893 667 1082 715 caritate,
1105 667 1150 706 in
1180 667 1263 706 Deo
1296 673 1440 706 manet
1459 673 1498 706 et
1519 666 1639 705 Deus
1660 665 1705 705 in
1738 679 1795 705 eo.
1860 663 2050 704 Humili·
2079 672 2106 702 ³5

391 742 527 776 tatem
565 737 696 776 etiam
731 738 906 777 studete
944 735 1104 776 habere
1147 743 1189 775 et
1222 750 1315 775 esse
1352 736 1490 784 mites,
1514 735 1723 788 quoniam
1764 733 1984 773 Dominus
2008 732 2049 772 in

391 805 621 857 euangelio
664 806 796 846 dicit:
858 805 1021 845 Discite
1056 820 1082 844 a
1120 819 1192 852 me,
1230 805 1309 858 qni
1343 805 1462 844 mitis
1501 819 1596 844 snm
1638 811 1678 844 et
1711 802 1891 843 linmilis
1923 802 2050 842 corde.

392 875 654 914 Patientiam
691 888 868 927 quoque
902 887 1075 925 semper
1111 873 1270 913 habere
1305 880 1587 922 mementote,
1610 887 1712 912 nam
1746 873 1787 912 in
1821 870 2051 924 euangelio

392 943 507 983 idem
534 944 626 995 ipse
650 943 844 995 loquitur
864 958 871 982 ε
933 943 986 982 ln
995 943 1213 994 patientia
1234 948 1376 982 vestra
1390 941 1661 994 possidebitis
1683 941 1856 980 animas
1877 946 2050 980 vestras.

391 1012 661 1053 Obedientes
695 1012 827 1052 etiam
863 1018 1014 1060 estote,
1044 1012 1155 1051 sicut
1190 1018 1231 1050 et
1269 1010 1466 1052 Christus
1496 1010 1688 1050 obediens
1706 1009 1806 1061 fuit
1837 1022 1968 1061 nsque
1996 1007 2058 1047 ad
2071 1025 2108 1044 10

393 1087 578 1120 mortem.
642 1080 785 1120 Estote
819 1093 916 1119 vero
949 1079 1238 1119 misericordes
1269 1079 1379 1118 sicut
1401 1085 1533 1130 pater
1556 1084 1693 1118 vester
1720 1077 1959 1117 misericors
1979 1068 2050 1116 est.

394 1149 655 1202 Superbiam
691 1156 838 1189 autem
873 1155 1090 1196 execrate,
1113 1148 1215 1200 quia
1249 1148 1368 1186 Dens
1401 1147 1592 1199 superbis
1624 1147 1795 1195 resistit,
1817 1145 2054 1186 immitibus

391 1225 533 1258 mitem
567 1218 645 1257 dat
673 1218 881 1270 gratiam.
947 1217 1194 1256 Avaritiam
1234 1230 1335 1256 vero
1358 1216 1589 1264 declinate,
1613 1229 1724 1268 quae
1760 1216 1816 1254 ab
1850 1213 2053 1267 apostolo

390 1287 652 1327 2'dol0latr2‘a1
676 1287 937 1326 nominatur.
1003 1286 1247 1325 Luxuriam
1283 1299 1459 1338 quoque
1491 1292 1534 1325 et
1571 1285 1829 1325 ebrietatem
1869 1283 2052 1323 fornica-

392 1357 645 1409 tionemque
679 1356 827 1407 sugite,
850 1355 1072 1408 quoniam,
1105 1355 1216 1394 sicut
1241 1353 1467 1407 apostolus
1491 1354 1563 1401 ait,
1586 1354 1735 1406 lVeqne
1753 1352 1908 1393 ebriosi
1927 1366 2055 1404 neque
2073 1363 2108 1392 15

379 1425 671 1476 fornicatores
713 1438 891 1476 regnum
936 1423 1024 1463 Dei
1056 1423 1343 1476 possidebant.
1407 1422 1572 1464 Omnia
1616 1436 1720 1474 ergo
1772 1421 1889 1470 vitia,
1940 1435 2053 1473 quae

391 1494 591 1533 homines
634 1507 658 1533 a
692 1507 826 1546 regno
866 1493 950 1532 Dei
981 1503 1200 1544 separant,
1234 1492 1502 1532 omnimodis
1540 1498 1641 1531 sunt
1676 1490 1884 1544 fugienda
1918 1490 2051 1530 vobis.

390 1561 536 1601 Estote
558 1575 718 1615 quoqne
750 1561 886 1601 sobrii
907 1567 948 1601 et
979 1560 1212 1613 vigilantes
1234 1560 1279 1600 in
1301 1559 1565 1600 orationibus
1584 1567 1755 1611 semper,
1777 1559 1880 1611 qnia
1901 1559 2052 1598 adver-

389 1633 536 1671 sarias
567 1638 703 1671 vester
735 1630 928 1670 diabolus
961 1636 1185 1683 tamqnam
1215 1630 1274 1669 leo
1308 1629 1483 1682 rugiens
1514 1629 1666 1668 circuit
1696 1642 1900 1681 quaerens
1931 1641 2053 1680 quem

389 1700 565 1740 devoret.
632 1699 716 1740 Cui
749 1699 931 1739 resistite
953 1700 1096 1750 fortes
1130 1699 1174 1738 in
1197 1698 1302 1751 fide.
1382 1697 1548 1739 Odium
1584 1699 1716 1738 etiam
1760 1703 1804 1738 et
1842 1697 2110 1736 invidiamm

391 1770 703 1821 tristitiamque
749 1770 805 1809 de
842 1769 1049 1808 cordibus
1091 1769 1314 1808 eradicare
1367 1768 1519 1807 vestris
1563 1767 1752 1819 satagite
1794 1773 1837 1806 et
1874 1779 1953 1818 pro
1988 1765 2053 1805 his

389 1837 774 1890 longanimitatem,
789 1837 1031 1885 bonitatem,
1056 1836 1360 1889 benignitatem
1383 1836 1543 1875 habere
1570 1840 1850 1875 mementote.
1914 1833 2053 1886 Quat-

389 1913 488 1946 tuor
525 1920 626 1946 vero
661 1906 855 1954 virtutes,
889 1906 982 1945 sine
1016 1905 1175 1958 quibus
1214 1919 1344 1945 nemo
1381 1905 1556 1958 sapiens
1589 1918 1683 1944 esse
1717 1911 1876 1957 potest,
1911 1903 1953 1943 id
1988 1909 2054 1943 est

390 1976 682 2028 prudentiam,
720 1976 944 2024 iustitiam,
982 1975 1285 2015 fortitudinem
1324 1982 1455 2028 atque
1493 1975 1844 2027 temperantiam,
1881 1986 2054 2026 semper

390 2045 550 2085 habere
573 2045 756 2085 curate.'’
2072 2051 2108 2080 25

480 2115 562 2154 His
595 2122 638 2154 et
680 2114 895 2153 similibus
934 2113 1074 2153 verbis
1124 2127 1198 2163 per
1235 2120 1404 2166 septem
1443 2113 1675 2152 continuos
1711 2113 1816 2161 dies,
1852 2111 2054 2164 quamvis
2075 2115 2138 2159 30

391 2184 685 2224 invalescente
728 2184 881 2223 morbo
925 2184 1011 2222 iam
1055 2183 1231 2235 iamque
1272 2182 1336 2222 vir
1377 2188 1554 2221 sanctus
1596 2181 1781 2220 deficere
1825 2179 2053 2228 videretur,

390 2253 628 2305 discipulos
656 2260 803 2292 tamen
838 2251 1096 2292 confirmare
1127 2265 1214 2291 non
1248 2251 1450 2291 cessabat
1482 2264 1594 2290 suos
1658 2249 1830 2291 Octava
1853 2262 1954 2288 vero
1983 2248 2054 2288 die

391 2323 514 2361 iussit
537 2335 581 2361 se
605 2322 646 2360 in
671 2322 908 2361 oratorium
940 2321 1039 2360 duci
1068 2321 1215 2373 ibique
1243 2320 1442 2360 oratione
1474 2319 1589 2359 facta
1607 2319 1814 2359 viaticum
1844 2317 2054 2357 dominici

389 2391 583 2443 corporis
611 2391 814 2442 suscepit.
880 2390 1054 2430 Deinde
1086 2389 1325 2442 discipulos
1359 2395 1628 2442 protestatus
1661 2394 1727 2428 est
1754 2388 1933 2428 dicens:
1965 2387 2110 2426 Perso

395 2459 615 2500 Christum
658 2473 730 2498 vos
758 2459 880 2512 filios
923 2473 1032 2498 meos
1075 2472 1227 2506 moneo,
1265 2472 1314 2497 ne
1346 2456 1608 2497 contendatis
1639 2464 1721 2508 pro
1754 2455 1937 2508 corporis
1972 2454 2059 2495 mei

390 2529 603 2577 cadavere,
637 2528 714 2568 sed
739 2542 836 2567 mox
868 2534 916 2567 nt
947 2527 1150 2580 spiritam
1185 2527 1449 2575 exhalavero,
1486 2526 1617 2566 tollite
1655 2539 1720 2565 me
1754 2532 1794 2564 et
1821 2525 1866 2565 in
1904 2523 2052 2564 navim

390 2598 634 2649 deponentes
684 2597 901 2649 supponite
951 2596 1141 2636 ilumeris
1182 2596 1286 2636 meis
1336 2595 1520 2647 lapidem
1573 2595 1708 2643 illum,
1756 2601 1884 2646 snper
1930 2606 2051 2645 quem

392 2667 626 2706 recnmln’re
667 2667 818 2706 solitas
863 2680 979 2706 eram
1000 2682 1014 2706 .·
1059 2679 1176 2705 nemo
1218 2671 1359 2704 antem
1405 2678 1456 2703 ex
1493 2663 1610 2703 vohis
1650 2663 1695 2702 in
1738 2663 1846 2702 navi
1894 2675 2051 2701 mecam

392 2743 619 2783 remaneat,
660 2736 736 2775 scd
773 2736 1030 2787 impellentes
1065 2749 1156 2774 eam
1195 2735 1239 2774 in
1283 2748 1401 2773 mare
1432 2732 1672 2785 permittite
1713 2732 1786 2778 ire,
1820 2745 1898 2782 qno
1934 2731 2054 2770 Deus
2072 2742 2108 2771 35

392 2804 580 2843 volneris.
663 2804 915 2844 Providebit
947 2810 1089 2843 antem
1129 2803 1344 2842 Dominus
1375 2802 1617 2854 sepultarae
1656 2800 1768 2840 mihi
1800 2801 1946 2849 locum,
1981 2800 2057 2840 nbi

394 2873 523 2912 fnm‘t
550 2874 592 2912 ei
612 2873 834 2925 placitum.
913 2873 1085 2926 Confido
1121 2879 1262 2912 antem
1299 2872 1342 2911 in
1376 2871 1573 2919 Domino,
1596 2870 1712 2923 qnod
1741 2869 1785 2909 in
1815 2869 1882 2909 die
1913 2883 2052 2909 resur-

392 2945 586 2984 rectionis
627 2958 845 2996 resm'gcre
886 2959 949 2984 me
977 2944 1117 2995 saciet
1156 2958 1249 2984 cnm
1291 2943 1444 2983 ceteris.
1526 2942 1646 2982 Dens
1686 2947 1828 2981 antem
1860 2940 1985 2992 pacis
2015 2947 2055 2980 et

391 3013 626 3052 dilectionis
661 3013 720 3053 sit
750 3021 914 3065 semper
940 3027 1034 3053 cnm
1069 3012 1266 3053 omnibus
1291 3011 1416 3052 vobis.
1494 3011 1551 3051 Et
1589 3024 1689 3050 cum
1723 3009 2053 3062 respondissent

713 3232 719 3251 ¹
749 3233 829 3266 ‘she
851 3232 1010 3277 Vulgate
1030 3232 1184 3277 reading
1205 3233 1234 3267 is
1251 3233 1542 3266 simulacrorum
1559 3232 1734 3266 servitus.
