2214 3556
417 269 510 327 388
1085 257 1199 313 Visa
1229 265 1416 314 Gr'ldae.

415 409 457 443 et
480 403 678 443 oratione
701 403 912 443 assiduus.
991 403 1134 443 Huius
1158 403 1305 456 itaque
1324 403 1401 443 viri
1428 403 1582 443 merita
1601 401 1821 442 Dominus
1851 400 2072 441 declarare

415 473 622 525 dignatus
659 478 724 512 est
766 473 898 512 etiam
936 473 975 511 in
1021 473 1110 512 vita
1153 486 1258 512 sua:
1307 486 1407 512 nam
1445 472 1574 523 longe
1618 470 1793 523 lateque
1835 469 1986 509 laudes
2027 475 2070 509 et

415 541 649 594 praeconia
687 541 821 593 ipsius
857 541 898 579 in
937 554 1010 581 ore
1041 541 1237 580 omnium
1278 541 1584 593 navigatorum
1620 539 1747 578 huius
1782 538 1970 591 regionis
2007 551 2070 577 re-

414 610 643 650 sonabant.
738 609 951 649 Plurimas
1003 623 1194 662 namque
1248 623 1323 661 per
1373 623 1472 648 eum
1529 608 1749 648 Dominus
1805 606 2072 659 dignabatur

412 679 581 732 operari
616 679 796 718 virtutes
829 685 871 718 et
906 678 1126 726 miracula,
1151 679 1209 718 ita
1233 684 1278 718 ut
1302 692 1503 717 enarrare
1527 677 1593 717 vel
1621 677 1900 716 dinumerare
1922 688 1973 714 ea
1995 675 2071 714 vix
2111 686 2126 713 s

412 748 569 800 aliquis
602 754 761 800 posset.
826 746 1074 786 Defunctus
1109 753 1254 786 autem
1289 754 1354 786 est
1387 747 1542 799 quinto
1576 745 1748 785 kalend.
1813 743 2071 784 Decembris

412 818 528 870 apud
574 816 918 856 Bellum-videre
962 822 1166 861 castrum,
1211 815 1283 854 ubi
1337 829 1415 867 pro
1462 815 1652 855 utilitate
1702 814 1953 854 monasterii
2006 813 2070 852 sui

411 893 602 933 venerat,
627 887 666 924 in
703 885 838 924 domo
873 884 1188 923 monachorum
1216 885 1366 925 Sancti
1407 885 1516 924 l'etri
1553 883 1919 923 Maliacensium.1
1983 881 2070 923 Sed

412 955 483 994 ubi
519 968 625 993 voce
664 953 891 1006 praeconis
930 953 1009 992 fuit
1047 953 1261 1000 auditum,
1287 952 1405 1005 quod
1440 953 1594 993 beatus
1629 953 1871 993 Gulstanus
1904 953 1958 992 de
1990 951 2071 991 hac

410 1024 499 1063 vita
524 1024 755 1073 migrasset
778 1022 943 1067 (media
975 1022 1091 1061 enim
1126 1028 1253 1061 nocte
1286 1023 1550 1074 transierat),
1572 1022 1783 1061 continuo
1815 1023 1870 1061 de
1903 1020 2072 1061 lectulis
2094 1035 2128 1055 10

411 1091 674 1131 dissilientes
697 1090 775 1129 viri
801 1090 969 1129 nobiles
999 1090 1127 1129 simul
1162 1104 1260 1129 cum
1297 1091 1508 1130 matronis
1540 1097 1583 1130 et
1617 1091 1786 1130 cunctis
1820 1091 1892 1143 qui
1924 1091 2072 1130 audie-

413 1161 521 1200 bant
553 1161 753 1200 certatim
789 1159 1058 1199 festinabant
1092 1159 1151 1198 ire
1182 1173 1281 1198 cum
1316 1160 1449 1198 cereis
1482 1166 1525 1198 et
1558 1156 1922 1211 lampadibus‘ut
1948 1159 2072 1198 obse-

413 1230 564 1282 quium
601 1228 762 1268 ferrent
794 1228 885 1266 viro
920 1227 1016 1276 Dei,
1050 1228 1109 1267 ita
1139 1234 1186 1266 ut
1220 1228 1296 1266 vix
1336 1234 1484 1279 posset
1527 1228 1621 1279 ipsa
1654 1227 1812 1266 domus
1850 1226 2074 1266 continere

417 1298 757 1339 multitudinem.
820 1296 1038 1337 Videntes
1068 1297 1217 1348 itaque
1251 1297 1453 1336 monachi
1488 1297 1639 1337 Sancti
1677 1296 1902 1335 Philiberti
1937 1295 2075 1335 multa

415 1374 688 1413 ornamenta,
730 1366 963 1418 pecuniam
1007 1379 1183 1418 quoque
1226 1366 1451 1417 copiosam
1496 1372 1539 1405 et
1581 1378 1806 1405 cereorum
1855 1365 2074 1404 diversam
2096 1381 2131 1409 15

418 1436 749 1477 multitudinem
784 1436 897 1474 circa
929 1448 1088 1487 corpus
1121 1435 1197 1474 viri
1225 1435 1306 1473 Dei
1340 1435 1581 1487 aggregari,
1604 1440 1914 1487 persuaserunt
1936 1434 2076 1473 omni-

417 1508 496 1547 bus
520 1507 593 1559 qui
618 1510 927 1551 convenerant,
951 1512 997 1544 ut
1020 1504 1075 1543 ad
1099 1503 1329 1543 ecclesiam
1363 1517 1486 1543 suam
1522 1510 1721 1543 sanctum
1756 1517 1915 1556 corpus
1938 1502 2076 1542 defer-

417 1583 522 1617 rent.
587 1575 673 1615 Sed
710 1573 1014 1613 resistentibus
1048 1572 1286 1620 monachis,
1320 1573 1361 1611 in
1395 1586 1581 1625 quorum
1616 1572 1810 1624 hospitio
1842 1572 2078 1612 defunctus

417 1645 569 1692 fuerat,
592 1643 768 1683 famulis
791 1643 923 1682 etiam
948 1641 1364 1689 contradicentibus,
1388 1655 1441 1681 ne
1464 1642 1519 1681 ab
1546 1641 1618 1680 illa
1650 1642 1785 1680 domo
1818 1648 2078 1687 moveretur,

419 1715 559 1754 donec
583 1712 688 1752 illud
714 1718 893 1764 possent
916 1710 969 1750 ad
995 1724 1121 1750 suum
1148 1710 1353 1750 reducere
1377 1711 1707 1758 monasterium,
1730 1710 1789 1750 illi
1813 1724 1836 1750 e
1858 1711 2078 1750 contrario
2097 1733 2135 1752 20

418 1783 637 1823 concitata
681 1780 963 1820 multitudine
1002 1780 1221 1832 rapientes
1265 1780 1384 1819 illum
1429 1779 1483 1819 de
1524 1780 1659 1819 domo
1702 1779 1773 1819 illa
1816 1793 1914 1819 cum
1958 1780 2078 1819 omni

420 1858 635 1904 apparatu
675 1864 753 1889 suo
786 1856 828 1889 et
867 1849 1105 1888 luminibus
1140 1848 1193 1888 ad
1232 1849 1462 1888 ecclesiam
1496 1863 1618 1889 suam
1659 1850 2003 1902 deportaverunt
2037 1856 2080 1890 et

419 1922 679 1961 immensam
704 1932 816 1971 quae
839 1917 1106 1957 offerebatur
1128 1931 1203 1970 per
1226 1919 1417 1958 triduum
1443 1919 1675 1970 pecuniam
1700 1918 1957 1970 colligentes
1981 1926 2081 1971 post

422 1991 600 2030 tertium
631 1990 746 2028 diem
782 1988 1048 2039 sepelierunt
1081 2000 1192 2027 eum.
1261 1987 1398 2039 Igitur
1430 2001 1528 2027 cum
1557 1988 1611 2027 ad
1644 1989 1957 2028 monasterium
1989 1988 2081 2028 eius

423 2059 530 2099 haec
568 2058 769 2097 nuntiata
805 2056 1000 2104 fuissent,
1026 2056 1203 2096 Vitalis'2
1227 2056 1363 2095 abbas
1402 2056 1503 2095 illuc
1542 2057 1737 2108 perrexit
1769 2064 1812 2097 et
1846 2063 1892 2096 ut
1925 2070 2082 2109 corpus
2100 2075 2136 2103 25

424 2127 626 2168 monachi
651 2127 715 2166 sui
750 2126 829 2165 sibi
856 2126 1121 2173 redderetur,
1145 2125 1369 2164 humiliter
1392 2126 1571 2177 rogavit.
1636 2126 1723 2167 Sed
1749 2126 1808 2164 illi
1833 2139 1919 2165 non
1944 2126 2082 2165 sancti

422 2198 499 2238 viri
524 2197 773 2244 dilectione,
796 2196 870 2234 sed
896 2196 1042 2247 potius
1066 2208 1214 2233 amore
1239 2195 1537 2246 pecuniarum,
1559 2208 1672 2247 quae
1695 2195 1892 2247 quotidie
1914 2195 1968 2234 ad
1993 2195 2084 2234 eius

425 2266 620 2318 undique
652 2264 962 2305 deferebantur
995 2263 1258 2315 sepulcrum,
1292 2263 1460 2303 nullum
1495 2264 1780 2304 reddiderunt
1813 2278 2083 2317 responsum.

430 2335 506 2375 llle
525 2334 580 2374 ad
599 2334 856 2386 episcopum
880 2332 1182 2371 Pictavensem
1208 2332 1533 2372 Isembardtzm²³
1551 2332 1670 2381 abiit,
1685 2332 1921 2373 clamorem
1947 2333 2086 2373 ferens

425 2404 480 2443 de
519 2403 674 2443 iniuria
709 2401 843 2441 ablati
882 2401 963 2440 sibi
999 2402 1192 2454 corporis
1230 2402 1431 2441 monachi
1468 2403 1544 2441 sui.
1609 2402 1858 2454 Episcopus
1888 2403 1989 2454 quia
2024 2403 2086 2442 in-
2106 2423 2144 2450 30

425 2473 682 2513 obedientes
706 2471 952 2524 praeceptis
975 2471 1062 2510 suis
1086 2471 1166 2522 ipsi
1196 2470 1399 2510 monachi
1433 2471 1616 2520 fuerant,
1638 2472 1859 2523 praecepit
1890 2485 1964 2511 eos
1987 2485 2085 2511 cum

428 2556 506 2581 suo
545 2541 705 2581 abbate
747 2540 801 2579 ad
846 2540 1066 2592 synodum
1110 2553 1233 2579 suam
1270 2540 1430 2587 venire,
1468 2539 1675 2579 abbatem
1720 2540 1850 2579 etiam
1892 2539 2085 2580 Vitalem

429 2611 651 2663 praecepit
674 2609 840 2649 adesse.
903 2608 1014 2649 Cum
1039 2622 1143 2661 ergo
1166 2609 1389 2648 venissent
1413 2616 1454 2648 et
1479 2609 1519 2648 in
1544 2609 1717 2661 synodo
1741 2610 1913 2661 utrique
1936 2622 2085 2648 eorum

430 2693 606 2720 causam
641 2679 873 2726 dixissent,
905 2678 1138 2730 episcopus
1176 2678 1399 2730 praecepit
1433 2677 1668 2717 abbatibus
1706 2684 1838 2730 atque
1867 2678 2088 2717 canonicis

431 2748 650 2789 nobilibus
673 2748 746 2801 qui
771 2748 966 2795 aderant,
990 2753 1035 2786 ut
1069 2780 1074 2786 .
1109 2781 1114 2787 .
1149 2780 1155 2786 .
1189 2780 1195 2786 .
2109 2761 2145 2790 35

504 2890 510 2909 ¹
544 2891 844 2923 Alalz'acenm'nm.
899 2890 956 2922 On
987 2888 1125 2922 certain
1160 2889 1294 2923 details
1326 2889 1532 2923 connected
1561 2889 1645 2923 with
1678 2888 1890 2931 Maliacum,
1922 2889 1995 2923 and
2030 2889 2092 2923 the

438 2949 579 2982 l⁴'1·ench
599 2948 692 2981 form
713 2948 859 2989 Masllf,
879 2959 941 2981 see
964 2947 1090 2980 Cama
1111 2947 1339 2989 Christz‘amz,
1359 2949 1464 2981 Tom.
1487 2947 1520 2988 ii,
1541 2948 1643 2991 28211,
1667 2949 1927 2982 Instrumenta.

505 3005 517 3024 ²
553 3006 693 3038 lsz'talis.
746 3004 836 3038 This
858 3004 989 3038 X'italis
1010 3016 1083 3038 was
1103 3005 1164 3038 the
1184 3016 1379 3039 successor
1397 3005 1438 3038 of
1454 3005 1555 3039 Felix
1575 3005 1706 3049 (1038).

506 3064 518 3082 ²²
547 3063 807 3096 lex-cmlmrdam.
874 3062 1052 3095 Δ11111)111(111
1085 3062 1201 3106 prints
1232 3064 1293 3096 llic
1327 3076 1434 3097 nanze
1464 3064 1732 3103 lsambardusj·
1770 3063 1871 3097 there
1901 3074 1993 3096 11010
2024 3070 2095 3096 two

437 3121 588 3165 bisliops
609 3121 649 3154 of
674 3120 827 3154 l'oitiers
847 3121 887 3154 of
909 3120 981 3154 this
1001 3133 1121 3162 name,
1141 3122 1182 3154 of
1204 3123 1322 3155 whom
1343 3134 1389 3155 an
1409 3129 1567 3156 account
1595 3133 1679 3165 may
1698 3122 1743 3155 be
1770 3122 1883 3155 found
1912 3121 1945 3154 in
1968 3121 2096 3155 Gallia

443 3179 671 3217 Christiana,
692 3180 797 3211 loni.
819 3179 851 3219 ii,
873 3180 938 3211 col.
966 3189 972 3211 1
990 3183 1062 3220 1011.
1118 3180 1196 3213 'she
1220 3191 1329 3214 name
1355 3180 1389 3213 in
1410 3180 1470 3214 the
1490 3180 1618 3214 Gallia
1639 3181 1867 3221 Clu-istruna,
1886 3179 1960 3213 and
1980 3179 2013 3212 in
2034 3179 2095 3212 the

440 3236 498 3269 list
521 3237 561 3269 os
575 3237 807 3270 l'scmzwzsei
829 3238 1008 3280 lssjll'sc'vpl'
1026 3237 1171 3280 printed
1196 3238 1242 3281 by
1264 3238 1466 3272 Duchesne
1486 3238 1631 3279 (lam-les
1648 3238 1898 3282 Efiiscofiazar,
1919 3236 1952 3279 ii,
1970 3248 2003 3280 p.
2025 3235 2094 3277 77),
