2173 3556
388 268 398 297 1
422 253 474 298 18
879 244 958 296 De
984 249 1193 296 Excidio
1218 245 1537 295 Britanniae.

376 387 490 427 viam
529 393 763 439 angustam
799 391 950 426 amota
985 385 1191 438 spatiosa,
1227 383 1436 437 prohibiti
1475 396 1500 422 a
1536 382 1645 429 Deo,
1680 393 1733 420 ne
1770 392 1920 433 preces
1955 391 2033 430 pro

377 455 501 495 vobis
526 455 711 495 fundant
735 453 1116 507 perseverantibus
1154 453 1196 492 in
1221 452 1347 492 malis
1378 458 1422 492 et
1458 457 1689 502 tantopere
1726 447 2037 494 incitantibus3

379 526 475 576 quis
517 537 540 564 c
583 524 803 564 contrario
845 537 902 563 ex
938 523 1070 562 corde
1106 522 1161 562 ad
1201 521 1346 561 Deum
1390 518 1716 573 repedantibus,
1740 517 1836 557 Deo
1861 515 2037 556 nolente

381 593 573 632 animam
598 591 788 631 hominis
827 591 1013 638 interire,
1051 591 1126 630 sed
1166 594 1443 637 retractante,
1481 601 1534 627 ne
1570 587 1743 640 penitus
1781 590 1930 637 pereat
1964 581 2037 634 qui

384 661 583 701 abiectus
606 667 684 710 est,
701 659 959 700 vindictam1
984 672 1069 698 non
1095 659 1343 711 potuissent
1365 658 1583 706 inducere,
1605 656 1707 708 quia
1729 668 1807 694 nec
1834 654 1976 701 lonas,
1999 657 2041 690 et
2077 655 2095 684 5

381 729 559 781 quidem
584 742 682 768 cum
708 728 895 768 multum
912 727 1223 779 concupiverit,
1243 726 1450 766 Ninivitis
1467 725 1692 778 propheta.
1756 722 1843 763 Sed
1867 719 2040 760 omissis

383 799 555 838 interim
580 798 739 838 nostris
777 797 1008 837 audiamus
1043 796 1189 848 potius
1226 795 1331 848 quid
1370 794 1627 847 prophetica
1664 792 1770 832 tuba
1804 789 2041 843 persultet:

97 872 156 901 [er.
177 872 238 905 xiii,
255 880 358 907 22123-
387 868 513 918 Quod
528 867 569 907 si
588 866 759 916 direris,
792 866 1005 918 inquiens
1043 865 1087 904 in
1109 864 1227 904 corde
1249 871 1318 904 tuo
1337 879 1351 904 .·
1388 877 1520 916 quare
1542 867 1748 902 venerunt
1769 859 1885 900 mala
1907 857 2040 897 llaec?

372 943 550 989 propter
584 935 902 975 multitudinem
936 933 1182 985 iniquitatis
1214 939 1320 972 tuae.
1386 932 1443 972 Si
1477 938 1643 971 mutare
1668 935 1809 981 potest
1840 926 2044 978 Aethiops

372 1006 525 1057 pellem
547 1019 671 1044 suam
695 1010 773 1043 aut
792 1003 964 1055 pardus
994 1002 1223 1042 varietates
1252 1015 1365 1051 suas,
1399 1008 1438 1041 et
1468 1015 1540 1040 vos
1551 999 1750 1053 poteritis
1781 997 2042 1048 benefacere,
2064 1008 2100 1027 10

382 1088 474 1113 cum
509 1073 746 1113 didiceritis
775 1072 937 1111 malum
954 1085 972 1117 ,·
1004 1071 1277 1118 subauditur,
1315 1069 1417 1122 quia
1452 1082 1539 1108 non
1577 1068 1719 1108 vultis.
1797 1065 1856 1105 Et
1893 1063 2036 1104 infra:

99 1145 162 1172 [er.
184 1144 241 1177 xiv,
263 1152 361 1171 10·12-
384 1144 504 1182 Haec
523 1143 627 1182 dicit
650 1141 863 1181 Dominus
874 1140 1030 1192 populo
1043 1139 1142 1179 lluic
1159 1155 1172 1179 .·
1189 1139 1267 1191 qui
1285 1136 1435 1178 dilexit
1457 1151 1619 1177 movere
1634 1136 1759 1188 pedes
1779 1148 1876 1174 suos
1903 1139 1942 1172 et
1963 1145 2043 1171 non

382 1211 546 1264 quievit
565 1217 604 1250 et
623 1209 808 1249 Domino
831 1222 912 1248 non
925 1207 1103 1259 placuit,
1127 1221 1239 1246 nime
1268 1206 1561 1246 recordabitur
1595 1204 1877 1257 iniquitatum
1899 1215 2042 1241 eorum

383 1286 423 1320 et
443 1279 639 1319 visitabit
649 1284 821 1330 peccata
842 1291 996 1317 eorum.
1058 1277 1121 1316 Et
1140 1276 1253 1315 divit
1273 1275 1489 1315 Dominus
1516 1275 1579 1314 ad
1597 1289 1660 1314 me
1675 1289 1689 1314 .·
1721 1273 1810 1313 noli
1828 1285 1951 1312 orare
1962 1277 2044 1322 pro

375 1349 529 1400 populo
552 1348 631 1387 isto
653 1347 697 1387 in
721 1347 882 1387 bonum.
936 1345 1042 1387 Cum
1065 1345 1364 1393 ieiunaverint,
1388 1359 1469 1384 non
1491 1343 1721 1384 exaudiam
1735 1349 1879 1395 preces
1899 1353 2042 1380 eorum
2066 1350 2101 1378 15

383 1425 423 1458 et
442 1419 483 1458 si
502 1417 729 1458 obtulerint
749 1416 989 1456 holocausta
1010 1421 1050 1454 et
1070 1414 1278 1463 victimas,
1302 1427 1382 1453 non
1403 1413 1632 1465 suscipiam
1655 1427 1712 1452 ea.
1778 1411 1837 1451 Et
1862 1411 2018 1450 iterum
2038 1423 2045 1447 ε

99 1494 160 1522 Jcr.
181 1503 229 1526 xv,
251 1503 274 1522 1-
386 1487 447 1526 Et
467 1487 580 1526 divit
596 1485 811 1526 Dominus
824 1484 887 1524 ad
905 1498 991 1524 me:
1011 1483 1053 1523 si
1070 1482 1234 1522 steterit
1255 1482 1425 1534 Moyses
1445 1489 1486 1522 et
1503 1483 1538 1522 S
1541 1482 1687 1522 amuel
1703 1494 1842 1521 coram
1867 1493 1940 1527 me,
1964 1491 2045 1517 non

385 1562 446 1595 est
466 1556 615 1595 anima
648 1569 740 1594 mea
771 1554 832 1593 ad
854 1553 1061 1605 populum
1094 1552 1224 1591 istum
1243 1567 1257 1592 .·
1300 1552 1379 1592 eice
1411 1552 1506 1591 illos
1541 1566 1567 1591 a
1601 1550 1720 1602 fizcie
1751 1563 1843 1589 mea
1873 1554 1914 1588 et
1933 1561 2045 1599 egre-

97 1633 158 1662 ler-
183 1643 230 1666 xv.
251 1642 276 1670 5.
296 1634 324 1661 6.
385 1626 575 1665 diantur.
640 1625 698 1664 Et
721 1630 820 1677 post
844 1636 984 1676 pauca
1006 1637 1012 1661 :
1049 1621 1157 1671 Quis
1179 1620 1449 1661 miserebitur
1482 1620 1557 1670 tui,
1592 1619 1822 1660 Ierusalem
1855 1623 1932 1656 aut
1951 1615 2048 1668 quis

386 1694 710 1734 contristabitur
749 1700 831 1745 pro
865 1699 903 1731 te
950 1697 1029 1731 aut
1078 1690 1174 1743 quis
1211 1689 1291 1730 ibit
1325 1690 1387 1729 ad
1417 1689 1656 1743 rogandum
1683 1695 1766 1740 pro
1790 1694 1895 1739 pace
1926 1692 2002 1725 tua
2022 1685 2047 1724 P
2066 1696 2104 1715 20

396 1764 458 1803 Tu
493 1762 709 1815 reliquisti
739 1776 812 1810 me,
845 1761 949 1800 dicit
979 1759 1205 1808 Dominus,
1237 1766 1278 1799 et
1310 1766 1542 1799 retrorsum
1579 1757 1719 1807 abisti,
1751 1763 1789 1796 et
1824 1755 2046 1796 extendam

103 1840 161 1867 ser.
202 1838 282 1870 xvsti,
318 1847 366 1866 11-
389 1846 564 1871 manum
589 1845 724 1871 meam
747 1837 874 1882 super
903 1836 940 1869 te
975 1836 1015 1869 et
1045 1828 1299 1882 intezficiam
1323 1835 1370 1868 te.
1434 1828 1493 1868 Et
1516 1833 1616 1881 post
1639 1826 1891 1879 aliquanta:
1923 1825 2045 1864 Haec

144 1887 188 1915 15'
388 1901 491 1940 dicit
505 1900 719 1939 Dominus
735 1915 742 1939 :
761 1913 840 1940 ecce
857 1899 1055 1952 egofingo
1071 1904 1216 1937 contra
1233 1911 1306 1937 vos
1318 1897 1610 1950 cogitationem
1630 1911 1644 1936 .·
1662 1900 1906 1935 revertatur
1918 1907 2047 1932 unus-

388 1968 563 2020 quisque
584 1981 610 2006 a
633 1967 707 2006 via
727 1980 806 2006 sua
829 1966 945 2006 mala
966 1972 1006 2005 et
1020 1964 1197 2017 dimgrite
1223 1964 1318 2003 vias
1339 1969 1504 2003 vestras
1523 1969 1563 2002 et
1576 1961 1723 2002 studia
1744 1967 1896 2001 vestra.
1964 1958 2052 2008 Qui

388 2034 591 2073 diverunt
612 2049 625 2073 .·
658 2033 938 2084 desperamus,
951 2038 1051 2084 post
1070 2031 1340 2084 cogitationes
1354 2036 1522 2070 nostras
1536 2029 1693 2069 ibimus
1705 2034 1744 2068 et
1760 2026 2050 2079 u7msquisque
2068 2035 2104 2064 25

382 2100 644 2152 pravitatem
667 2099 805 2138 cordis
824 2099 896 2138 sui
920 2098 1029 2138 mali
1043 2098 1269 2149 faciemus.
1333 2097 1431 2136 ldeo
1463 2096 1564 2136 llaec
1582 2095 1687 2135 dicit
1707 2093 1951 2134 Dominus:
1984 2092 2045 2131 in-

390 2175 597 2222 terrogate
605 2175 753 2221 gentes
767 2183 780 2208 .·
813 2168 910 2220 quis
931 2167 1105 2207 audivit
1124 2166 1233 2206 talia
1263 2165 1500 2215 horribilia,
1534 2179 1641 2218 quae
1649 2164 1759 2216 fecit
1778 2163 1910 2202 nimis
1929 2162 2051 2214 virgo

390 2239 562 2278 lsralzel
576 2239 602 2278 Ρ
663 2238 785 2277 Num
823 2237 933 2290 quid
969 2236 1129 2290 deficiet
1161 2236 1211 2275 de
1241 2242 1370 2288 petra
1411 2234 1514 2288 agri
1534 2234 1611 2274 nix
1643 2233 1805 2274 Libani
1842 2238 1921 2272 aut
1952 2231 2054 2271 velli

383 2313 565 2359 possunt
604 2320 740 2359 aquae
785 2312 1048 2357 erumpentes
1089 2305 1290 2357 frigidae
1336 2304 1561 2358 defluentes
1579 2304 1604 2344 P
1655 2302 1758 2356 quia
1800 2301 1952 2342 oblitus
1992 2307 2053 2341 est

395 2390 457 2416 me
482 2377 668 2428 populus
701 2390 825 2415 meus.
891 2375 949 2415 Et
984 2381 1084 2427 post
1115 2374 1343 2426 aliquanta
1377 2373 1558 2426 optione
1593 2372 1819 2425 proposita
1856 2371 2049 2423 loquitur
2071 2382 2109 2410 30

110 2449 170 2477 lex.
193 2448 263 2481 xxii,
283 2457 341 2485 3-5·
394 2445 543 2484 dicens
565 2460 572 2484 ;
606 2444 726 2483 Haec
746 2443 851 2483 dicit
870 2443 1087 2482 Dominus
1104 2442 1268 2494 :facite
1290 2441 1495 2481 iudicium
1525 2447 1564 2481 et
1585 2440 1798 2480 iustitiam
1821 2445 1862 2479 et
1881 2438 2054 2478 liberate

394 2514 441 2554 vi
473 2520 712 2565 &pressum
750 2513 799 2552 de
841 2526 972 2552 manu
1015 2511 1341 2551 calumniatoris
1372 2517 1412 2550 et
1443 2510 1654 2550 advenam
1691 2516 1731 2549 et
1755 2508 1973 2561 pupillum
2015 2513 2056 2547 et

394 2583 571 2622 viduam
596 2582 721 2621 nolite
741 2581 992 2621 contristare
1014 2594 1144 2633 neque
1164 2579 1416 2632 opprimatis
1437 2578 1581 2631 inique
1601 2584 1641 2618 et
1659 2577 1912 2630 sanguinem
1935 2576 2052 2616 inno-

392 2658 545 2691 centem
569 2665 618 2690 ne
639 2650 880 2702 effitndatzs.
946 2650 981 2690 S
985 2649 1003 2689 i
1020 2649 1131 2689 enim
1141 2649 1353 2700 facientes
1360 2647 1555 2700 feceritis
1568 2647 1741 2687 verbum
1765 2645 1892 2694 istud,
1914 2645 2053 2698 ingre-

393 2721 568 2759 dientur
583 2727 668 2772 per
676 2726 828 2772 portas
849 2719 999 2759 domus
1018 2719 1149 2758 leuius
1170 2732 1284 2771 reges
1314 2717 1499 2757 sedentes
1520 2717 1569 2756 de
1583 2730 1737 2768 genere
1758 2714 1914 2754 David
1929 2721 2057 2766 super
2073 2728 2109 2756 35

465 2870 473 2890 ¹
504 2870 681 2912 Vindicta,
695 2869 729 2903 in
746 2870 807 2904 the
827 2881 935 2903 sense
954 2870 995 2903 of
1010 2867 1308 2913 “punishment,”
1324 2867 1353 2901 is
1372 2867 1541 2911 frequent
1557 2865 1591 2899 in
1611 2863 1876 2900 ecclesiastical
1893 2864 2052 2898 writers:

393 2929 551 2961 ostendit
565 2940 602 2962 se
619 2939 692 2962 non
711 2932 786 2962 tam
798 2930 929 2972 pacem
947 2929 1085 2971 cupere,
1105 2937 1218 2970 quam
1236 2926 1302 2959 sub
1312 2926 1421 2970 pacis
1433 2925 1616 2959 occasione
1633 2924 1850 2958 vindictam.
1893 2924 2052 2967 Jerome,

392 2986 476 3029 Ep„
496 2985 614 3028 lxxxii,
634 2986 664 3020 8.
715 2986 892 3029 lsymnus
911 2986 948 3018 S.
971 2985 1168 3019 Columbae
1184 2983 1303 3018 Altus
1320 2984 1517 3026 Prosatur,
1536 2995 1567 3016 v.
1587 2991 1643 3025 99,
1664 2981 1771 3016 reads
1791 2981 1874 3015 thus
1895 2993 1901 3015 ;

767 3041 859 3074 Dies
876 3041 955 3074 irae
971 3043 1007 3073 et
1019 3039 1216 3083 vindictae,
1236 3038 1470 3072 tenebrarum
1488 3041 1524 3072 et
1538 3037 1698 3071 nebulae.

394 3105 542 3148 Jerome
561 3105 628 3138 has
648 3103 815 3138 retained
834 3103 860 3137 it
880 3103 914 3137 in
948 3104 1054 3137 Rom.
1085 3102 1144 3146 xii,
1169 3112 1208 3146 19
1229 3115 1235 3136 :
1263 3101 1359 3136 mz'lzz'
1386 3101 1564 3144 vindicta,
1595 3100 1736 3144 though
1757 3098 1791 3133 in
1811 3099 1873 3133 the
1892 3110 2053 3144 passage

394 3161 487 3195 from
506 3161 625 3196 which
644 3162 706 3196 the
736 3161 929 3206 quotation
959 3161 988 3195 is
1017 3161 1138 3204 made,
1169 3160 1245 3204 viz.‚
1278 3161 1388 3194 Deut.
1420 3158 1526 3203 xxxii,
1546 3167 1599 3203 35,
1618 3159 1665 3193 he
1690 3158 1758 3192 has
1793 3158 1965 3203 changed
1991 3159 2054 3193 the

395 3219 608 3264 expression
630 3219 706 3254 into
724 3231 805 3254 mea
823 3224 876 3254 est
893 3220 997 3254 ultio.
