2214 3556
82 524 146 552 locl
160 523 177 555 i.
197 530 224 560 5,
242 532 322 560 9-12.

82 1215 151 1244 Joel
163 1214 192 1248 ii,
213 1224 258 1251 17.

88 1692 136 1720 Os.
157 1701 184 1723 v.
206 1700 230 1719 1.

91 2033 187 2060 Amos
207 2041 234 2064 v.
253 2041 352 2068 21-23.

368 262 458 294 202
866 247 945 292 De
969 245 1179 293 Excidio
1203 244 1517 292 Britanniae.

454 381 629 423 Parum1
661 395 853 435 namque
878 382 1082 434 cogitatis
1106 381 1172 421 vel
1208 380 1361 430 facitis,
1382 380 1500 434 quod
1530 384 1708 420 sanctus
1731 392 1907 431 quoque
1932 377 2022 418 Ioel
2044 367 2104 425 83

365 462 549 489 monens
590 449 750 489 inertes
793 447 1064 487 sacerdotes2
1101 461 1150 486 ac
1187 446 1353 486 deflens
1395 445 1710 486 detrimentum
1753 445 1904 498 populi
1946 458 2025 497 pro

366 518 671 570 iniquitatibus
701 530 850 556 eorum
875 517 1042 556 edixit:
1084 514 1456 567 Eapm'giscimini,
1486 514 1564 566 qni
1595 514 1696 553 estis
1727 513 1836 553 ebrii
1864 527 1891 553 a
1927 513 2026 552 vino

365 593 512 634 vestro,
530 593 569 626 et
573 587 742 638 plorate
757 592 797 625 et
812 583 1116 625 lamentamini
1128 597 1280 630 omnes,
1297 583 1375 635 qni
1385 582 1529 622 bibitis
1545 582 1695 622 vinnm
1713 582 1758 621 in
1772 581 2027 630 ebrietatem,

365 654 468 707 qnia
489 654 634 694 ablata
655 660 716 693 est
735 653 787 693 ab
818 667 887 692 ore
917 658 1054 691 vestro
1076 651 1321 691 incunditas
1351 656 1391 690 et
1412 650 1640 703 gandium.
1700 650 1870 703 Lngete,
1892 663 2022 690 sacer·
2065 654 2082 684 5

364 723 488 771 dotes,
510 723 587 775 qni
617 722 839 762 deservitis
863 720 1050 769 altario,3
1081 720 1183 772 qnia
1212 719 1362 760 miseri
1381 719 1501 771 facti
1523 725 1627 759 sunt
1654 719 1801 771 campi.
1861 719 2032 772 Lugeat

365 798 493 840 terra,
515 791 618 844 qnia
652 791 856 831 miserum
879 790 1053 841 sactum
1075 795 1137 828 est
1154 790 1434 840 framentum
1471 794 1512 828 et
1541 788 1742 827 siccatum
1776 793 1839 827 est
1865 787 2028 836 vinnm,

364 860 630 899 diminutam
667 866 728 899 est
762 859 909 906 oleam,
931 863 1142 897 aruerunt
1176 857 1395 909 agricolae.
1457 857 1628 909 Lngete,
1641 856 1933 908 possessiones,
1948 863 2028 908 pro

367 927 506 967 tritico
527 934 567 966 et
585 926 748 975 lzordeo,
770 926 873 979 qnia
885 925 1023 978 periit
1043 925 1263 965 vindemia
1284 939 1336 965 ex
1354 939 1469 977 agro,
1491 925 1596 964 vitis
1617 926 1810 976 arefacta
1831 931 1902 974 est,
1912 925 2028 978 ficus

367 996 608 1036 diminutae
631 1002 762 1036 sunt:
800 1001 996 1047 granata
1028 1001 1069 1034 et
1084 995 1239 1046 palma
1267 1001 1309 1034 et
1336 995 1498 1034 malam
1532 1000 1572 1033 et
1607 993 1751 1033 omnia
1778 993 1900 1046 ligna
1931 993 2032 1046 agri
2050 1001 2085 1020 10

367 1065 557 1116 arefacta
577 1070 689 1113 snnt,
710 1063 912 1116 qnoniam
945 1063 1227 1114 confuderunt
1253 1062 1470 1115 gaudiam
1491 1062 1590 1116 filii
1607 1062 1840 1103 bominum.
1903 1062 2030 1115 Quae

368 1133 517 1172 omnia
540 1131 793 1185 spiritaliter
815 1131 1112 1184 intellegenda
1133 1138 1259 1171 erunt
1283 1131 1438 1180 vobis,4
1459 1144 1512 1170 ne
1544 1137 1635 1171 tam
1668 1131 1891 1184 pestilenti
1915 1131 2030 1171 fame

367 1201 488 1241 verbi
513 1201 596 1240 Dei
629 1201 803 1240 animae
826 1206 996 1240 vestrae
1028 1205 1285 1240 arescerent.
1350 1200 1410 1240 Et
1442 1200 1630 1239 iterum:
1651 1199 1765 1253 flete,
1786 1200 2029 1249 sacerdotes,

368 1270 446 1323 qni
464 1269 688 1309 deservitis
709 1268 925 1317 Domino?
946 1268 1126 1308 dicentes
1143 1283 1157 1308 .·
1183 1275 1325 1320 parce,
1347 1267 1543 1317 Domine,
1560 1268 1717 1320 populo
1739 1274 1810 1307 tno
1830 1274 1871 1308 et
1890 1281 1941 1307 ne
1961 1267 2033 1307 des

367 1339 642 1378 hereditatem
666 1344 786 1378 tuam
819 1337 864 1377 in
895 1337 1166 1390 opprobrium
1188 1343 1229 1376 et
1249 1351 1299 1376 ne
1320 1336 1598 1377 dominentur
1615 1351 1759 1376 eornm
1784 1343 1943 1389 gentes,
1966 1337 2035 1377 nti
2053 1345 2088 1374 15

369 1421 420 1447 ne
455 1407 601 1447 dicant
625 1413 806 1459 gentes:
838 1405 913 1446 nbi
931 1412 993 1446 est
1013 1405 1133 1445 Dens
1165 1419 1308 1445 eornm
1329 1407 1355 1446 Ρ
1406 1405 1494 1446 Sed
1519 1405 1627 1445 haec
1651 1419 1728 1445 vos
1750 1419 2030 1458 nequaquam

370 1477 543 1525 auditis,
585 1477 661 1516 sed
704 1476 866 1524 omnia,
900 1475 1060 1528 quibus
1103 1474 1364 1527 propensius
1406 1475 1543 1515 divini
1587 1474 1742 1514 suroris
1785 1475 2032 1527 indignatio

370 1546 631 1595 inardescat,
654 1545 901 1585 admittitis

458 1614 578 1667 Quid
608 1615 742 1654 etiarn
777 1620 955 1653 sanctus
990 1612 1107 1654 Osee
1136 1612 1355 1666 propheta
1387 1612 1689 1652 sacerdotibus
1712 1612 1843 1652 vestri
1867 1611 2033 1652 moduli
2054 1597 2116 1654 84

370 1683 545 1732 dixerit,
582 1683 808 1735 signanter
850 1683 1096 1722 attendite:
1131 1681 1298 1721 Audite
1338 1681 1447 1731 llaec,
1477 1681 1720 1730 sacerdotes,
1761 1687 1801 1721 et
1840 1680 2036 1720 intendat
2053 1687 2090 1706 20

371 1753 521 1792 domns
542 1752 685 1791 lsrael
701 1758 741 1791 et
761 1752 911 1791 domas
933 1751 1057 1803 regis,
1078 1750 1243 1803 infigite
1264 1750 1444 1790 anribns
1471 1750 1634 1799 vestris,
1657 1750 1858 1803 qnoniam
1881 1750 1944 1789 ad
1963 1763 2036 1789 vos

371 1827 433 1860 est
453 1820 671 1869 indiciam,
686 1819 789 1872 qaia
811 1820 987 1872 laquens
1001 1819 1121 1871 facti
1146 1819 1246 1858 estis
1265 1818 1542 1871 speculationi
1569 1825 1609 1858 et
1638 1819 1754 1858 velut
1784 1818 2034 1858 retiaculum

372 1896 587 1930 extensam
609 1896 735 1941 snper
764 1889 941 1937 Thabor,
964 1888 1080 1941 qnod
1097 1887 1351 1927 indicatores
1373 1887 1617 1928 venationis
1636 1886 1960 1941 confinxerunt.6

461 1958 602 1997 Vobis
637 1958 770 1997 etiam
799 1971 824 1996 a
848 1957 1046 1996 Domino
1080 1956 1289 1995 alienatio
1326 1955 1632 1995 huiuscemodi
1668 1955 1923 1994 intendatur
1961 1967 2037 2007 per
2056 1944 2115 2000 85

374 2026 638 2079 prophetam
664 2026 805 2065 Amos
824 2026 1045 2065 dicentem
1067 2040 1074 2064 :
1111 2024 1219 2065 Odio
1241 2024 1376 2064 babai
1403 2030 1443 2064 et
1463 2023 1602 2076 repuli
1620 2023 1709 2063 dies
1717 2024 1857 2075 festos
1878 2029 2037 2062 vestros
2055 2032 2091 2060 25

374 2102 415 2135 et
446 2109 527 2134 non
561 2094 762 2146 accipiam
794 2094 960 2134 odorem
998 2094 1043 2133 in
1076 2093 1349 2133 sollemnibus
1381 2092 1725 2133 conventionibus
1746 2092 1911 2141 vestris,
1932 2091 2035 2145 qnia

445 2309 456 2330 1
483 2310 532 2343 At
557 2308 630 2343 this
658 2308 771 2354 point,
793 2309 914 2343 where
942 2309 1072 2343 Gildas
1097 2309 1226 2342 makes
1253 2308 1482 2352 lengthened
1512 2314 1672 2342 extracts
1698 2308 1792 2341 from
1823 2307 1885 2341 the
1913 2305 2039 2340 Minor

378 2368 570 2412 Prophets,
590 2368 652 2401 the
671 2368 831 2411 Vulgate
850 2367 996 2401 version
1018 2367 1046 2401 is
1064 2367 1301 2409 abandoned,
1320 2366 1377 2400 his
1399 2366 1549 2400 codices
1568 2365 1680 2409 being
1700 2365 1774 2399 Old
1803 2364 1924 2399 Latin.
1978 2366 2037 2398 On

376 2424 448 2458 this
467 2423 612 2457 curious
632 2425 706 2458 and
727 2423 944 2468 interesting
963 2425 1048 2467 fact,
1068 2436 1129 2458 see
1148 2423 1367 2457 Additional
1389 2424 1519 2465 Notes,
1539 2435 1597 2468 pp.
1614 2433 1670 2466 94,
1684 2431 1740 2466 95.
1786 2423 1868 2456 The
1881 2422 1990 2456 order
2003 2422 2044 2455 of

376 2483 437 2516 the
457 2482 649 2527 prophetie
669 2483 786 2516 books
806 2482 845 2525 is,
865 2494 906 2517 as
934 2482 1122 2516 indicated
1148 2494 1196 2516 on
1224 2493 1256 2526 p.
1285 2490 1340 2525 97,
1367 2482 1447 2526 Joel
1468 2481 1729 2524 (Habakkuk),
1751 2481 1889 2522 Hosea,
1909 2481 2039 2521 Amos,

379 2539 516 2580 Micah,
536 2540 751 2584 Zephaniah
771 2540 967 2584 (Haggai),
987 2540 1202 2582 Zechariah,
1225 2539 1401 2582 Malachi,
1422 2538 1571 2573 Ezekiel
1589 2537 1769 2580 (Daniel).
1821 2538 1902 2571 The
1920 2538 2039 2571 books

376 2599 507 2642 placed
526 2598 561 2631 in
578 2599 750 2632 brackets
765 2610 827 2632 arc
843 2606 905 2632 not
920 2599 1069 2643 quoted,
1083 2599 1158 2641 but,
1174 2597 1336 2642 judging
1347 2598 1441 2631 from
1454 2597 1516 2631 the
1530 2597 1640 2630 order
1651 2596 1692 2629 of
1707 2595 1848 2629 Gildas⁷
1864 2595 2038 2639 previous

377 2656 601 2701 quotations,
636 2657 710 2691 and
746 2657 837 2690 from
874 2657 952 2691 lists
987 2657 1028 2691 of
1060 2657 1254 2701 scriptural
1285 2657 1415 2697 books,
1447 2666 1500 2689 we
1528 2666 1590 2688 are
1622 2654 1803 2698 probably
1833 2660 1975 2687 correct
2004 2653 2039 2686 in

379 2714 574 2758 assigning
607 2715 710 2748 them
745 2716 807 2749 the
843 2715 1003 2759 position
1039 2714 1226 2748 indicated
1261 2714 1339 2756 (see
1370 2725 1402 2756 p.
1437 2712 1526 2756 137).
1593 2713 1646 2746 As
1677 2711 1712 2744 in
1747 2723 1800 2745 cc.
1833 2712 1950 2754 38-62,
1979 2711 2041 2745 the

381 2772 628 2815 peculiarities
660 2773 700 2806 of
726 2774 846 2807 words
880 2773 954 2807 and
989 2771 1263 2807 constructions
1298 2771 1411 2805 found
1446 2771 1544 2813 here,
1573 2781 1625 2804 cc.
1660 2770 1779 2812 83-91,
1808 2769 1946 2812 belong
1978 2775 2043 2802 not

378 2838 415 2864 to
444 2831 574 2864 Gildas
602 2831 758 2873 himself,
786 2831 850 2865 but
873 2838 910 2865 to
937 2831 998 2865 the
1025 2830 1219 2872 awkward,
1239 2828 1423 2872 unwieldy
1449 2828 1655 2862 literalness
1681 2827 1722 2860 of
1743 2827 1805 2860 the
1833 2826 1905 2859 Old
1935 2826 2042 2860 Latin

378 2888 534 2927 version,
550 2888 633 2922 with
655 2888 700 2922 its
719 2889 887 2933 frequent
908 2888 1121 2923 Graecisms
1139 2889 1212 2922 and
1233 2886 1537 2932 provincialisms.
1566 2887 1636 2919 We
1648 2896 1721 2927 are,
1734 2884 1770 2918 in
1788 2885 1872 2927 fact,
1888 2884 2044 2929 reading

377 2958 399 2979 a
431 2946 648 2989 production
681 2947 722 2980 of
746 2947 807 2980 the
832 2947 971 2981 second
999 2954 1162 2990 century.
1229 2946 1272 2979 A.
1302 2944 1436 2979 reads:
1463 2943 1559 2988 quid
1583 2954 1725 2987 quoqne
1756 2946 1906 2976 sanctus
1929 2942 2046 2986 Joltcl

372 3005 562 3048 propheta.

449 3080 461 3099 2¹
487 3081 628 3113 lm‘rtcs
661 3081 870 3114 sacerdotes.
923 3079 1015 3114 This
1053 3079 1279 3125 application
1314 3079 1355 3112 of
1386 3077 1542 3112 Biblical
1577 3078 1762 3121 language
1797 3087 1929 3120 proves
1963 3077 2041 3110 that

381 3136 509 3170 Gildas
530 3138 711 3181 regarded
731 3139 792 3172 the
812 3139 831 3154 ‘⁶
848 3138 1091 3181 priesthood”
1111 3138 1152 3171 of
1166 3138 1228 3171 the
1247 3135 1434 3171 Christian
1454 3136 1603 3178 church,
1623 3147 1663 3169 as
1691 3134 1905 3179 priesthood
1925 3134 1960 3167 in
1979 3135 2042 3168 the

380 3194 514 3234 Jewish
534 3206 652 3228 sense.
