2214 3556
478 287 571 332 344
1135 269 1182 315 V
1180 269 1250 315 ita
1292 268 1338 314 G
1342 267 1481 315 ildae.

475 413 514 446 el
544 406 685 446 Pauli
711 420 845 446 sanus
879 405 938 445 sis
970 404 1022 444 ab
1054 404 1132 443 lmc
1163 403 1430 456 infirmitate,
1466 409 1506 442 et
1535 402 1692 454 siquis
1723 409 1760 441 te
1792 401 2133 454 interrogaverit,

474 476 571 528 quis
612 481 648 515 te
703 488 857 515 sanum
893 473 1014 525 fecit,
1070 473 1207 521 dicito,
1249 472 1363 524 quod
1405 471 1620 512 Dominus
1661 471 1782 510 Iesus
1826 470 2024 512 Christus
2056 477 2137 522 per

475 544 630 583 merita
682 543 964 595 apostolormlz
1017 555 1192 581 snorum
1245 540 1290 580 in
1334 553 1397 580 me
1450 539 1789 580 makerz'cordiam
1842 553 1966 579 suam
2014 538 2134 590 fecit.

477 613 621 653 Sanus
646 613 792 664 itaque
815 611 964 651 statim
990 610 1130 649 sactus
1153 623 1282 662 aeger
1305 609 1481 649 intravit
1516 610 1556 648 in
1591 609 1818 648 basilicam
1842 609 1980 648 sancti
2008 607 2135 656 Petri,

477 683 659 724 laudens
701 689 744 722 et
786 681 1051 721 benedicens
1090 679 1248 719 Deum.
1312 678 1501 720 Sanctus
1544 685 1691 718 autem
1735 677 1889 719 Gildas
1931 683 2131 729 coeptam
2175 690 2192 719 5

476 752 618 792 tenuit
659 752 789 799 viam,
832 762 1020 801 cumque
1063 762 1138 800 per
1181 748 1347 800 aliquot
1390 748 1482 788 dies
1527 747 1583 787 ibi
1629 753 1826 787 maneret
1868 745 2135 799 perlustrans

475 821 664 861 oratoria
707 825 973 866 sanctorum,
1016 817 1185 857 audivit
1224 817 1452 856 Romanos
1499 817 1614 857 cives
1656 816 1846 869 graviter
1887 815 2035 855 dolere
2076 814 2134 854 ob

476 888 730 942 pestiferum
755 887 906 926 flatum
941 885 1156 933 draconiS,
1187 885 1261 938 qui
1299 891 1390 925 erat
1423 885 1563 925 latens
1606 885 1646 924 in
1689 898 1874 924 caverna
1907 883 2133 923 cuiusdam

477 957 650 1005 montis,
667 956 741 1008 qui
766 954 927 994 multos
948 954 1251 993 Romanorum
1271 960 1314 994 et
1333 953 1515 993 aliorum
1536 954 1877 1005 circumquaque
1891 952 2132 992 vicinorum

476 1025 697 1078 pestilenti
722 1023 826 1063 flatu
847 1023 1137 1062 interemerat.
1202 1021 1333 1074 Quod
1358 1021 1540 1062 audiens
1564 1022 1718 1062 beatus
1742 1021 1895 1062 Gildas
1918 1021 2056 1060 exivit
2079 1021 2134 1059 ab
2157 1031 2194 1051 10

475 1093 668 1145 hospitio
691 1105 770 1131 suo
794 1091 979 1131 latenter
1001 1091 1128 1130 valde
1144 1090 1336 1130 diluculo
1355 1090 1641 1143 ascenditque
1668 1090 1709 1129 in
1735 1094 1929 1129 montem
1954 1094 2134 1141 portans

477 1162 682 1203 baculum
707 1162 748 1201 in
774 1174 907 1200 manu
931 1166 974 1200 et
997 1160 1195 1199 oratione
1221 1159 1335 1198 facta
1358 1160 1477 1199 venit
1509 1159 1564 1198 ad
1588 1173 1636 1198 os
1659 1152 1894 1211 speluncae
1917 1164 1960 1198 et
1981 1157 2135 1197 videns

476 1232 711 1271 draconem
757 1231 958 1269 invocato
994 1228 1155 1269 Christi
1196 1228 1373 1267 nomine
1416 1228 1658 1280 intrepidus
1692 1227 1837 1268 dixit:
1884 1226 1938 1266 In
1971 1226 2138 1266 nomine
2169 1236 2171 1238 ’

475 1299 660 1340 Domini
693 1298 832 1338 nostri
871 1298 967 1337 lesu
1007 1296 1175 1338 Christi
1204 1296 1419 1348 praecipio
1456 1296 1545 1345 tibi,
1584 1303 1632 1336 ut
1665 1296 1815 1336 statim
1859 1296 2053 1343 intereas,
2088 1309 2138 1334 ne

475 1369 650 1421 oopulus
679 1367 882 1421 fidelium
925 1381 951 1406 a
994 1373 1031 1406 te
1071 1366 1259 1418 amplius
1290 1365 1548 1418 perimatur.
1631 1365 1718 1419 Qui
1755 1379 1861 1405 mox
1899 1365 1939 1404 in
1976 1371 2135 1405 terram
2158 1375 2193 1404 15

477 1451 681 1478 corruens
706 1442 904 1476 mortuus
927 1441 992 1475 est
1016 1442 1058 1475 et
1082 1435 1268 1474 cessavit
1298 1435 1389 1475 eius
1413 1435 1544 1487 plaga
1566 1448 1590 1474 a
1613 1434 1789 1487 populo.

566 1506 692 1546 Tunc
735 1506 890 1545 beatus
935 1503 1087 1544 Gildas
1133 1504 1391 1543 Ravennam
1436 1503 1544 1544 abiit
1577 1504 1719 1556 gratia
1770 1503 1979 1543 orationis
2021 1502 2137 1542 beati
2165 1501 2214 1544 14

481 1574 781 1628 Apollinaris1
844 1573 956 1614 Cum
982 1579 1129 1613 autem
1154 1573 1528 1626 appropinquaret
1552 1580 1705 1626 portae
1728 1572 1929 1621 civitatis,
1952 1572 2138 1612 occurrit

480 1645 517 1684 ei
551 1644 731 1697 quidam
774 1656 928 1682 caecus
971 1649 1013 1682 et
1052 1648 1211 1689 mutus,
1249 1655 1380 1694 quem
1418 1641 1576 1682 ductor
1620 1655 1751 1681 manu
1794 1641 2008 1690 trahebat,
2046 1641 2139 1693 ipse

479 1721 627 1753 autem
672 1712 868 1752 tabulam
923 1711 1195 1763 percutiebat
1240 1710 1443 1751 malleolo
1497 1711 1553 1750 ob
1607 1710 1973 1763 significationem
2027 1711 2136 1750 elee-
2157 1726 2196 1746 20

477 1795 689 1834 mosynae
726 1780 1014 1833 quaerendae.
1088 1779 1232 1832 Quem
1266 1779 1419 1819 videns
1457 1780 1611 1819 beatus
1650 1779 1803 1820 Gildas
1839 1779 2137 1819 misericordia

478 1858 622 1892 motus
666 1850 811 1902 coepit
854 1849 954 1889 flere
996 1855 1039 1888 et
1077 1849 1305 1901 postulans
1344 1848 1499 1889 deferri
1558 1849 1639 1889 sibi
1692 1862 1852 1902 aquam
1906 1849 2136 1889 benedixit

476 1920 723 1973 sparsitque
747 1932 876 1971 super
898 1918 1054 1957 faciem
1078 1919 1207 1958 caeci.
1271 1918 1369 1957 Deo
1402 1918 1550 1970 itaque
1582 1918 1777 1958 donante
1800 1918 1946 1958 lumen
1974 1919 2137 1971 recepit

475 1995 517 2029 et
555 1989 774 2040 accipiens
807 1987 868 2027 sal
902 1987 1101 2027 similiter
1133 1987 1364 2027 benedixit
1397 1987 1603 2040 misitque
1641 1989 1681 2027 in
1716 2001 1764 2027 os
1803 1988 1906 2027 eius.
1969 1988 2132 2029 Statim

472 2071 648 2110 quoque
665 2056 872 2109 loquutus
891 2062 955 2095 est
971 2055 1236 2095 benedicens
1257 2056 1400 2096 Deum
1419 2062 1461 2096 et
1480 2056 1658 2096 beatum
1673 2056 1813 2096 virum
1834 2055 2136 2108 magnificans,
2156 2066 2194 2096 25

474 2127 547 2179 qui
571 2132 742 2166 tantam
766 2125 1025 2177 sospitatem
1049 2124 1087 2164 ei
1111 2124 1368 2166 contulerat.

559 2195 745 2234 Factum
770 2200 834 2234 est
857 2200 1017 2242 autem,
1041 2207 1139 2233 cum
1164 2194 1265 2233 inde
1289 2200 1587 2241 reverteretur,
1609 2194 1795 2246 contigit
1817 2207 1917 2234 eum
1943 2194 2134 2234 incidere
2163 2204 2214 2250 15

472 2263 513 2302 in
539 2262 819 2303 latrunculos,
882 2260 1027 2314 Quem
1052 2261 1250 2301 videntes
1283 2261 1496 2301 nitentem
1531 2263 1688 2302 decore
1722 2262 2029 2315 pulcritudinis
2061 2263 2133 2302 alii

472 2332 746 2371 conabantur
768 2344 868 2370 eum
892 2344 1060 2382 capere,
1082 2330 1153 2370 alii
1185 2329 1436 2370 interficere.
1501 2330 1625 2383 Quos
1650 2339 1696 2371 ut
1719 2332 1828 2371 vidit
1862 2332 1942 2370 sibi
1977 2346 2134 2384 appro-

471 2402 693 2453 pinquare,
717 2400 921 2439 invocato
946 2399 1107 2440 Christi
1143 2400 1319 2438 nomine
1354 2400 1568 2439 continuo
1605 2406 1710 2439 nuto
1748 2400 1831 2439 Dei
1866 2400 1966 2440 fecit
2000 2400 2134 2453 pedes
2154 2412 2192 2440 30

471 2481 621 2508 eorum
658 2467 896 2507 adhaerere
931 2473 1069 2507 terrae
1104 2467 1310 2519 ipsosque
1345 2467 1464 2508 velut
1503 2468 1670 2520 lapides
1705 2468 1989 2520 obrigescere,
2020 2483 2134 2508 recc-

471 2535 666 2588 densque
690 2535 745 2575 ab
774 2536 835 2575 eis
867 2541 1070 2587 coeptam
1106 2535 1283 2575 tenebat
1307 2536 1434 2576 viam.
1498 2535 1609 2576 Cum
1647 2542 1793 2575 autem
1823 2536 1952 2588 longe
1986 2537 2041 2575 ab
2074 2537 2134 2576 eis

472 2604 731 2652 recessisset,
773 2617 1009 2643 conversus
1052 2610 1286 2643 retrorsum
1330 2604 1517 2644 elevavit
1562 2618 1742 2644 manum
1791 2611 1834 2644 et
1876 2605 2005 2645 solvit
2048 2620 2133 2646 eos.

475 2672 561 2724 Qui
594 2671 721 2712 soluti
762 2672 803 2711 in
843 2671 990 2724 fugam
1015 2672 1125 2711 versi
1161 2679 1261 2711 sunt
1297 2680 1338 2712 et
1374 2673 1595 2712 neminem
1635 2680 1789 2726 postea
1829 2674 1869 2713 in
1911 2674 1994 2714 illis
2031 2675 2134 2715 locis

472 2742 702 2781 laeserunt.
2153 2750 2191 2780 35

547 2985 556 3006 ¹
587 2987 779 3021 Orationis
812 2987 910 3021 beati
934 2987 1186 3031 Apollinaris.
1242 2989 1282 3021 In
1319 2989 1381 3022 the
1410 2989 1491 3022 Vita
1522 2989 1569 3033 by
1603 2989 1797 3033 Agnellus‚
1823 3001 1845 3023 a
1877 2991 2070 3034 presbyter
2099 2990 2140 3023 os

473 3044 663 3085 Ravenna,
692 3045 918 3089 Apollinaris
938 3045 967 3078 is
999 3046 1239 3090 represented
1271 3057 1311 3080 as
1342 3047 1405 3080 the
1436 3047 1513 3081 first
1544 3047 1679 3091 bishop
1706 3048 1747 3081 of
1773 3048 1853 3081 that
1879 3048 1963 3091 city,
1994 3049 2068 3082 and
2094 3060 2134 3082 as

470 3101 607 3144 having
638 3103 796 3136 suffered
825 3103 1052 3147 martyrdom
1082 3103 1200 3138 under
1227 3103 1435 3149 Vespasian
1469 3105 1709 3148 (temporibus
1736 3105 1954 3149 Il’spztsiaezm'
1980 3107 2136 3139 Czesczris

471 3161 653 3202 martyrio
670 3164 868 3195 coronatus
885 3162 964 3204 est).
