2214 3556
64 532 103 560 loc.
124 531 225 564 xxviii,
247 541 292 568 14,

107 580 149 608 15.

64 879 103 906 lv.
124 878 225 911 xxviii,
248 887 295 914 17-

106 927 149 954 19.

359 262 371 290 1
385 250 446 304 96
856 246 933 292 De
961 246 1169 293 Excidio
1195 245 1509 292 Britanniae.

344 381 480 434 soipti
498 388 602 421 sunt
620 395 646 421 a
668 395 778 431 vitm,
798 388 1053 422 erraverunt
1073 396 1118 421 iu
1139 381 1345 430 ebrietate,
1373 385 1609 420 nescierunt
1638 379 1860 428 videntem,
1893 379 2008 432 igno-

347 457 554 490 raverunt
574 450 791 490 iudicium.
842 449 998 491 Omnes
1017 450 1129 490 enim
1148 463 1314 490 mensae
1327 450 1506 501 repletae
1516 455 1618 488 sunt
1630 448 1791 488 vomitu
1805 448 2008 497 sordium,

348 519 410 559 ita
433 525 481 559 ut
502 533 582 559 non
604 525 707 559 esset
727 519 843 558 ultra
865 520 985 558 locus.
1046 519 1278 570 Propterea
1310 517 1456 557 audite
1486 517 1659 557 verbum
1693 517 1886 566 Domini,
1919 517 2012 557 viri
2031 523 2090 568 79

348 589 549 638 illusores,
572 588 651 641 qui
666 587 958 627 dominamini
989 594 1116 639 super
1136 587 1343 639 populum
1379 600 1529 635 meum,
1566 585 1644 638 qui
1673 592 1734 626 est
1766 586 1810 625 in
1845 586 2006 626 Hieru-

346 658 488 698 salem.
579 657 770 697 Dixistis
809 656 952 697 enim:
1004 655 1302 695 Percussimus
1330 655 1490 707 foedus
1529 669 1623 695 cum
1665 660 1797 694 morte
1835 661 1876 694 et
1914 669 2006 695 cum
2047 671 2064 700 5

348 726 514 777 inferno
521 726 709 777 fecimus
732 731 920 778 pactum.
995 724 1235 777 Flagellum
1274 724 1493 764 inundans
1528 738 1620 763 cum
1658 723 1892 772 transierit,
1927 738 2008 763 non

347 795 486 836 veniet
504 802 632 847 snper
651 809 735 844 nos,
757 794 860 847 quia
872 793 1100 846 posuimus
1121 793 1387 833 mendacium
1405 800 1518 845 spem
1534 799 1724 832 nostram
1739 799 1779 832 et
1795 792 2009 832 mendacio

338 864 521 916 protecti
557 877 717 903 sumus.
800 863 860 902 Et
901 868 1001 915 post
1038 862 1289 914 aliquanta:
1341 861 1403 901 Et
1441 861 1653 901 subvertet
1685 861 1856 913 grando
1895 867 2008 912 spem

348 932 560 972 mendacii
573 938 613 972 et
615 931 912 984 protectionem
928 945 1064 983 aquae
1081 930 1365 980 inundabunt,
1382 937 1422 971 et
1434 930 1642 970 delebitur
1647 930 1807 982 foedus
1822 936 2009 970 vestrum

346 1015 439 1040 cum
464 1007 596 1040 morte
617 1007 657 1040 et
667 1006 844 1052 pactum
868 1006 1055 1040 vestrum
1090 1013 1183 1039 cum
1221 999 1389 1051 inferno
1417 1013 1499 1039 non
1532 999 1695 1039 stabit:
1766 998 2008 1050 Flagellum
2032 1017 2068 1036 10

347 1067 566 1107 inundans
586 1080 679 1106 cum
702 1065 935 1115 transierit,
958 1065 1081 1106 eritis
1109 1072 1150 1106 et
1180 1065 1224 1105 iu
1255 1065 1601 1105 conculcationem
1621 1081 1634 1105 .·
1666 1064 2011 1117 quandocumque

64 1149 152 1176 Emi.
173 1148 254 1180 xxix.
273 1157 320 1185 13-
337 1135 654 1189 pertransierit,
677 1135 792 1175 tollet
821 1149 902 1175 vos.
967 1135 1026 1175 Et
1061 1135 1248 1175 iterum:
1291 1134 1354 1174 Et
1384 1134 1501 1173 divit
1534 1133 1778 1174 Dominus:
1823 1148 1866 1173 eo
1901 1133 2017 1185 quod

106 1189 148 1217 16.

348 1204 659 1257 apprqoinquat
669 1204 855 1256 populus
877 1203 955 1244 iste
974 1217 1042 1243 ore
1061 1217 1136 1243 suo
1157 1210 1198 1243 et
1226 1203 1354 1243 labiis
1376 1202 1626 1256 glorificant
1657 1216 1733 1251 me,
1766 1216 1836 1242 cor
1868 1208 2009 1242 autem

346 1287 488 1314 eorum
511 1273 630 1325 longe
650 1279 712 1312 est
732 1287 758 1312 a
781 1286 878 1312 me:
910 1272 1000 1312 ideo
1021 1286 1102 1312 ecce
1123 1285 1194 1324 ego
1216 1271 1389 1320 addam,
1412 1277 1460 1311 ut
1490 1271 1820 1311 admirationem
1839 1271 2010 1322 faciam

339 1343 496 1395 populo
525 1342 625 1382 liuic
659 1341 865 1382 miraculo
891 1341 1063 1394 grandi
1090 1347 1132 1381 et
1163 1340 1374 1393 stupendo.
1448 1339 1620 1380 Peribit
1650 1339 1763 1380 enim
1799 1340 2011 1392 sapientia
2033 1360 2067 1389 15

348 1426 374 1451 a
395 1411 657 1463 sapientibus
676 1410 766 1450 eius
786 1417 826 1450 et
858 1410 1090 1451 intellectus
1116 1409 1399 1462 prudentium
1433 1409 1524 1449 eius
1558 1409 1841 1449 abscondetur.
1927 1409 2013 1450 Vae

348 1479 650 1533 quiprofimdi
666 1479 766 1520 estis
785 1479 914 1529 corde,
936 1485 985 1520 ut
1004 1493 1031 1519 a
1052 1479 1239 1519 Domino
1271 1478 1537 1518 abscondatis
1566 1478 1800 1526 consilium,
1831 1491 2011 1530 quorum

348 1556 450 1590 sunt
471 1549 515 1589 in
539 1548 719 1589 tenebris
739 1555 863 1600 opera
883 1555 923 1588 et
942 1548 1118 1589 dicunt:
1150 1548 1246 1601 quis
1267 1547 1383 1588 videt
1404 1562 1478 1588 nos
1494 1548 1516 1588 ?
1546 1554 1586 1587 et
1615 1547 1712 1600 quis
1743 1547 1861 1587 novit
1896 1560 1970 1586 nos
1987 1547 2012 1586 Ρ

64 1629 155 1658 Emi.
176 1629 247 1663 lxvi,
270 1639 327 1668 1-3-
345 1626 547 1672 perversa
567 1617 680 1658 enim
702 1617 802 1657 baec
821 1623 963 1657 vestra
984 1617 1190 1670 cogitatio.
1254 1617 1312 1657 Et
1345 1623 1445 1669 post
1477 1616 1728 1669 aliquanta:
1761 1615 1883 1655 Haec
1911 1615 2015 1656 dicit

68 2465 126 2494 ΙΝ.
147 2465 174 2497 ii.
195 2474 219 2501 5.

68 2590 127 2618 [εν.
149 2590 176 2622 ii,
196 2599 254 2626 7-9.

349 1687 595 1728 Dominus:
627 1686 786 1726 caelum
808 1686 923 1726 sedes
945 1700 1038 1726 mea
1073 1692 1113 1726 et
1148 1692 1263 1726 terra
1294 1684 1517 1725 scabellum
1529 1684 1690 1737 pedum
1723 1697 1910 1724 meorum
1941 1690 2010 1724 est.
2031 1708 2069 1727 20

353 1758 472 1809 Quae
493 1757 577 1798 ista
597 1763 660 1797 est
679 1757 839 1805 domus,
862 1770 991 1808 quani
1028 1755 1309 1809 aedificabitis
1342 1754 1492 1795 milii?
1562 1754 1625 1794 Et
1658 1754 1755 1806 quis
1789 1753 1872 1793 erit
1902 1754 2014 1793 locus

348 1827 502 1880 quietis
523 1826 670 1867 meae?
734 1825 893 1866 Omnia
915 1825 1015 1865 llaec
1035 1839 1190 1865 manus
1213 1838 1305 1865 mea
1313 1824 1424 1875 fecit
1454 1830 1495 1864 et
1515 1824 1642 1875 facta
1677 1829 1779 1862 sunt
1810 1822 2012 1863 universa

349 1895 444 1944 ista,
466 1895 571 1934 dicit
590 1894 817 1934 Dominus.
877 1893 959 1933 Ad
975 1907 1097 1946 quem
1120 1900 1263 1933 autem
1281 1892 1486 1945 aspiciam
1510 1892 1599 1932 nisi
1624 1892 1687 1931 ad
1702 1892 2011 1944 pauperculum

347 1968 387 2001 et
415 1961 643 2000 contritum
679 1959 836 2012 spiritu
872 1966 913 2000 et
947 1966 1191 2000 trementem
1225 1973 1434 1999 sermones
1467 1972 1577 1998 meos
1595 1959 1620 1998 P
1700 1958 1790 2008 Qui
1819 1958 2015 1998 immolat

348 2030 501 2080 bovem,
523 2029 652 2082 quasi
669 2028 747 2081 qui
766 2028 998 2082 interficiat
1017 2028 1163 2068 virum
1183 2043 1197 2069 .·
1229 2028 1307 2081 qui
1325 2034 1486 2067 mactat
1504 2034 1642 2079 pecus,
1678 2026 1806 2079 quasi
1836 2026 1914 2079 qui
1945 2041 2012 2066 ex-
2032 2048 2069 2076 25

347 2098 525 2138 cerebret
539 2111 682 2137 canem
699 2112 713 2137 .·
745 2097 824 2148 qui
841 2096 964 2150 oſj'ert
983 2096 1243 2146 oblationem,
1281 2096 1410 2149 quasi
1441 2095 1520 2148 qui
1547 2095 1801 2148 sanguinem
1834 2095 2011 2134 suillum

348 2167 526 2219 offerat:
578 2166 656 2219 qni
693 2165 941 2207 recordatur
979 2165 1132 2214 tliuris,
1173 2165 1303 2217 quasi
1338 2164 1416 2218 qui
1454 2163 1667 2204 benedicat
1699 2163 1817 2203 idolo.
1895 2163 2016 2202 flacc

348 2236 493 2276 omnia
513 2236 728 2288 elegerunt
747 2235 792 2275 in
815 2235 900 2274 viis
919 2234 1011 2274 suis
1031 2240 1071 2274 et
1091 2233 1135 2274 iu
1158 2233 1545 2274 abominationibus
1565 2232 1656 2272 suis
1688 2232 1838 2272 anima
1869 2245 2011 2272 eornm

349 2306 550 2346 delectata
571 2312 639 2345 est.

411 2374 660 2415 Hieremias
683 2387 858 2427 quoque
874 2373 1014 2426 virgo1
1030 2372 1334 2425 prophetaque
1347 2371 1453 2424 quid
1478 2369 1785 2423 insipientibus
1809 2369 2014 2421 loquatur
2034 2366 2097 2411 80

350 2434 611 2497 pastoribus
633 2443 850 2484 attendite
871 2459 878 2483 :
911 2442 1032 2482 Haec
1051 2441 1155 2482 dicit
1182 2441 1427 2482 Dominus:
1458 2439 1568 2493 quid
1594 2439 1849 2479 invenerunt
1865 2443 2014 2490 patres

349 2513 484 2552 vestri
512 2513 556 2552 in
589 2527 653 2552 me
685 2511 942 2564 iniquitatis,
977 2511 1080 2563 quia
1113 2511 1419 2563 elongaverunt
1449 2523 1476 2548 a
1512 2521 1576 2548 nze
1611 2513 1651 2547 et
1685 2505 2015 2546 ambulaverunt

340 2587 439 2632 post
459 2580 695 2620 vanitatem
718 2586 758 2620 et
792 2579 901 2619 vani
916 2579 1038 2630 facti
1068 2584 1171 2618 sunt
1192 2579 1218 2618 P
1292 2577 1350 2617 Et
1388 2576 1520 2629 paulo
1554 2581 1682 2628 post:
1730 2573 1792 2613 Et
1831 2572 2016 2625 ingressi

349 2649 673 2689 contaminastis
694 2655 854 2688 terram
878 2661 1014 2687 meam
1037 2653 1076 2687 et
1107 2646 1381 2686 hereditatem
1405 2658 1541 2685 meam
1555 2641 1764 2695 posuistis
1786 2641 1831 2681 iu
1853 2640 2011 2680 abomi-

420 2802 431 2822 ¹
458 2802 672 2836 Hieremias
698 2812 841 2846 qnoque
872 2801 990 2846 virgo.
1052 2801 1123 2834 See
1157 2811 1186 2833 c.
1218 2807 1272 2840 47.
1324 2799 1377 2831 As
1407 2797 1508 2841 early
1532 2807 1572 2830 as
1596 2793 1954 2839 Oi‘ige11‚Je1·e1niah
1982 2793 2011 2827 is

351 2859 534 2903 regarded
563 2871 603 2893 as
635 2860 696 2893 the
727 2858 1004 2902 distinguished
1035 2858 1205 2902 example
1235 2856 1277 2890 of
1302 2856 1363 2890 the
1391 2854 1539 2896 asceffic,
1570 2853 1656 2896 and,
1680 2851 1929 2897 particularly,
1949 2851 2011 2885 the

351 2917 609 2958 celil):1te‚life.
670 2916 761 2950 This
790 2917 820 2950 is
848 2917 910 2950 the
940 2915 1090 2950 fancisul
1117 2913 1368 2949 Alexandrian
1395 2911 1632 2957 explanation
1659 2911 1701 2944 of
1722 2911 1855 2955 Jerem.
1882 2922 1936 2951 xx,
1964 2910 1983 2943 8
2005 2922 2010 2943 :

352 2975 371 2990 “
389 2976 399 3008 1
422 2987 483 3018 cry
502 2975 667 3008 violence
686 2975 759 3008 and
780 2974 900 3018 spoil’'
918 2987 926 3015 ;
954 2986 1005 3017 or,
1024 2972 1224 3016 according
1243 2979 1280 3006 to
1300 2972 1360 3006 the
1378 2972 1481 3005 LXX
1499 2983 1505 3005 :
1533 2970 1554 2986 “
1570 2971 1581 3003 Ι
1604 2970 1697 3003 shall
1717 2979 1887 3002 suminon
1906 2967 2011 3001 faith-

352 3033 512 3065 lessness
531 3033 605 3066 and
624 3031 856 3076 har(lship’':
891 3031 1035 3065 ἀθεσίαν
1067 3031 1121 3064 καὶ
1147 3029 1386 3073 ταλαιπωρίαν
1417 3028 1682 3071 ἐπικαλέσωμαι.
1751 3025 1890 3069 Origen
1924 3025 2011 3059 asks

354 3090 516 3123 whether
543 3101 689 3133 anyone
725 3089 793 3123 will
827 3089 966 3123 imitate
997 3089 1059 3123 the
1090 3089 1247 3133 prophet
1278 3087 1314 3121 in
1343 3086 1557 3130 abstaining
1590 3085 1683 3119 from
1719 3082 1912 3127 marriage,
1941 3089 2009 3117 etc.

353 3147 389 3179 ἐν
409 3149 479 3180 ταῖς
499 3146 708 3189 domja-ww.
763 3148 821 3181 He
848 3148 932 3181 thus
960 3148 1126 3190 became,
1153 3147 1209 3181 for
1234 3146 1463 3190 subsequent
1489 3144 1629 3178 writers
1656 3143 1746 3185 also,
1771 3141 1833 3176 the
1859 3141 2009 3184 leading

356 3203 522 3237 instance
542 3204 640 3237 osan
661 3204 807 3238 ascetic.
