2214 3556
393 270 417 321 3'
427 274 451 320 7
460 277 487 320 4
1056 252 1170 306 Vita
1201 253 1389 306 Gildae.

391 395 627 436 honorifice
654 396 709 436 ab
738 410 790 436 eo
816 403 1046 448 susceptus
1070 404 1135 436 est
1165 402 1296 448 atque
1320 395 1545 448 praedicta
1568 394 1781 434 coenobia
1803 394 1840 434 ei
1871 393 2051 434 donavit

391 478 490 504 cum
523 465 728 504 omnibus
761 465 1035 518 appendiciis
1075 465 1176 513 suis,
1214 478 1374 517 rogans
1412 470 1454 503 et
1488 463 1676 502 multum
1713 463 1966 515 deprecans,
2004 470 2051 502 ut

390 534 510 573 omni
532 534 679 574 studio
704 533 1002 574 reaedificaret
1033 548 1095 579 ea,
1119 534 1408 587 promisitque
1443 533 1631 585 plurima
1657 545 1701 572 se
1724 532 1761 572 ei
1791 531 2049 584 largiturum

389 602 517 651 dona,
533 615 631 642 cum
655 601 710 642 de
728 602 880 642 itinere
905 603 1103 642 rediisset
1126 616 1213 655 quo
1238 602 1473 642 festinabat
1497 602 1565 640 ire.
1633 600 1899 653 Properabat
1934 601 2048 640 enim

390 684 442 710 eo
464 677 664 724 tempore
699 671 814 711 idem
840 671 933 711 dux
960 671 1150 711 Romam
1177 671 1236 710 ire
1258 671 1399 723 gratia
1424 670 1659 709 orationis:
1693 670 1769 709 ivit
1793 669 1953 721 itaque,
1975 669 2050 708 sed
2091 682 2107 709 3

391 753 477 780 non
512 740 650 787 rediit,
681 740 784 793 quia
828 740 869 779 in
909 739 1004 793 ipso
1057 739 1210 780 itinere
1255 745 1452 778 mortuus
1496 738 1586 778 fuit.
1651 736 2051 778 Commendaverat

389 815 536 848 autem
560 809 652 861 ipse
671 808 763 848 dux
784 822 915 861 supra
937 807 1105 848 dictum
1132 808 1337 856 Felicem,
1361 809 1466 847 dum
1491 806 1850 860 proficisceretur,
1877 805 2049 858 coniugi

389 877 697 930 nobilibusque
735 877 835 925 suis
871 876 989 917 fratri
1023 877 1157 916 etiam
1197 890 1275 916 suo
1302 876 1509 916 Iudicaeli
1549 876 1758 928 episcopo
1792 874 2049 921 Venetensi,

389 945 430 984 in
455 946 576 985 cuius
600 945 788 985 dioecesi
814 945 909 997 ipsa
933 946 1199 985 monasteria
1223 953 1358 985 erant.

476 1014 563 1055 Sed
589 1014 693 1054 libet
717 1028 831 1054 nunc
856 1020 969 1054 retro
992 1014 1131 1054 redire
1147 1021 1190 1054 et
1213 1014 1329 1054 beati
1352 1013 1472 1053 Pauli
1491 1013 1685 1065 episcopi
1713 1013 1752 1052 in
1771 1013 1865 1065 ipso
1886 1012 2046 1051 factum
2072 1009 2128 1054 35

388 1082 544 1123 referre
561 1082 831 1122 miraculum.
878 1082 990 1123 Cum
1010 1089 1125 1122 esset
1142 1083 1257 1122 idem
1276 1079 1419 1122 Felix¹
1439 1082 1478 1121 in
1499 1095 1629 1134 supra
1647 1082 1766 1121 dicto
1784 1081 2047 1121 Floriacensi

388 1151 605 1191 'coenobio
637 1158 837 1203 tempore
864 1150 1066 1191 Abbonis
1090 1150 1262 1190 abbatis
1286 1158 1328 1190 et
1353 1151 1563 1202 languore
1586 1150 1707 1201 gravi
1732 1150 2050 1201 deprimeretur

385 1228 428 1260 et
451 1221 713 1272 desperatus
748 1234 772 1259 a
797 1220 977 1259 medicis
1017 1220 1137 1260 nullo
1163 1220 1296 1259 modo
1319 1220 1463 1258 vivere
1497 1219 1759 1265 crederetur,
1783 1217 1987 1270 apparuit
2011 1217 2049 1256 ei

387 1289 587 1342 vigilanti
611 1296 653 1328 et
686 1289 827 1329 oranti
864 1288 1019 1329 beatus
1060 1288 1220 1328 Paulus
1258 1288 1490 1341 episcopus
1525 1287 1733 1326 assistens
1758 1293 1860 1326 ante
1887 1285 2048 1326 lectum

387 1355 522 1407 ipsius
546 1368 644 1394 cum
680 1367 842 1406 magno
866 1354 1031 1393 lumine
1061 1354 1186 1406 eique
1213 1354 1330 1393 dixit
1352 1368 1358 1392 :
1398 1351 1611 1402 Quomodo
1642 1359 1680 1391 le
1706 1351 1843 1399 habes,
1865 1352 2016 1402 frater
2031 1351 2052 1390 ?
2072 1361 2106 1388 15

386 1424 456 1463 vel
477 1422 551 1463 ubi
575 1430 613 1462 te
637 1429 745 1463 tenet
767 1422 842 1463 lzoc
863 1423 1027 1462 malum
1049 1424 1074 1462 P
1110 1429 1156 1462 at
1176 1422 1246 1462 ille
1263 1437 1276 1462 .·
1314 1422 1422 1472 Quis
1447 1421 1723 1469 cs,d01112'7aee.9
1776 1420 1880 1473 Ego,
1899 1420 2051 1473 inquil,

383 1506 478 1532 snm
516 1492 686 1532 Paulus
721 1492 938 1544 episcopus,
975 1505 1097 1544 quem
1131 1490 1370 1544 quaerebas.
1435 1489 1630 1538 Domine,
1662 1503 1753 1538 ecce,
1786 1490 1858 1537 ait,
1899 1489 1943 1528 in
1981 1489 2055 1528 lmc

384 1561 513 1600 latere
536 1574 600 1600 me
621 1560 696 1600 diu
721 1566 831 1599 tenet
851 1560 1026 1607 malum,
1050 1566 1091 1599 et
1110 1558 1305 1598 ostendit
1328 1559 1366 1598 ei
1398 1558 1552 1598 locum.
1619 1558 1680 1598 At
1712 1557 1781 1597 ille
1814 1557 2050 1610 appropin-

385 1643 524 1682 quans
548 1629 689 1682 digito
713 1629 867 1668 leniter
890 1629 944 1668 de
968 1628 1102 1668 latere
1121 1629 1212 1668 eius
1236 1627 1527 1680 putrefactam
1553 1627 1735 1666 abstulit
1754 1633 1922 1665 costam
1942 1633 1985 1666 et
2010 1627 2046 1665 ei

386 1700 439 1739 ad
473 1699 619 1739 lumen
652 1699 869 1752 lampadis
900 1698 1094 1738 ostendit
1125 1698 1300 1738 dicens:
1339 1697 1461 1737 Haec
1480 1696 1668 1748 amplius
1694 1711 1774 1736 non
1810 1702 1847 1735 te
1882 1695 2048 1736 nocebit.
2069 1706 2106 1724 20

389 1770 448 1810 Et
466 1770 548 1809 hoc
571 1769 722 1809 dicens
741 1769 923 1822 proiecit
946 1782 1043 1808 eam
1063 1774 1105 1808 et
1128 1768 1184 1807 ab
1207 1767 1466 1807 admirantis
1488 1766 1626 1806 oculis
1649 1780 1747 1805 cuin
1774 1766 1937 1805 lumine
1970 1779 2049 1805 suo

385 1836 612 1889 disparuit,
644 1837 752 1876 odor
789 1849 891 1875 vero
925 1835 1210 1875 suavissimus
1250 1834 1491 1888 permansit
1525 1839 1619 1873 tota
1653 1839 1781 1872 nocte
1820 1833 1859 1872 in
1890 1833 2044 1872 eadem
2075 1848 2100 1855 ⁴-

386 1905 530 1944 domo.
595 1904 740 1945 Sanus
777 1905 925 1956 itaque
959 1917 1057 1943 cum
1094 1910 1208 1943 esset
1247 1902 1400 1951 factus,
1435 1916 1565 1942 nemo
1598 1901 1824 1954 praevenit
1860 1914 1958 1940 eum
1993 1901 2047 1940 ad

385 1973 555 2026 vigilias
579 1979 826 2013 nocturnas.
892 1973 1111 2012 Mirantur
1133 1986 1288 2012 omnes
1303 1985 1434 2024 quem
1454 1970 1691 2023 sperabant
1715 1970 1800 2009 iam
1826 1976 2045 2009 mortuum

385 2042 539 2090 vivere,
555 2048 598 2081 et
632 2042 918 2094 interrogant,
950 2042 1178 2094 quomodo
1201 2047 1381 2080 sanatus
1415 2040 1572 2080 fuerit:
1606 2039 1676 2078 ille
1699 2052 1723 2078 a
1756 2039 1886 2078 beato
1913 2038 2050 2078 Paulo
2069 2048 2105 2075 ²5

384 2125 428 2151 se
447 2111 672 2152 visitatum
691 2118 735 2152 et
752 2111 857 2164 quid
878 2111 957 2151 sibi
977 2111 1154 2160 dixerit,
1169 2110 1358 2163 qualiter
1375 2110 1508 2149 etiam
1533 2110 1586 2148 de
1603 2108 1736 2148 latere
1759 2121 1838 2148 suo
1855 2108 2050 2153 fractam,

385 2180 766 2233 putrefactamque
802 2180 1071 2220 abstraxerit
1104 2186 1287 2229 costam,
1310 2186 1353 2219 et
1388 2193 1440 2219 en
1477 2178 1609 2227 illam,
1633 2177 1785 2230 inquit,
1808 2183 1850 2217 et
1874 2177 2049 2217 elevans

384 2264 408 2289 a
445 2257 560 2290 terra
592 2249 797 2289 omnibus
821 2249 1016 2289 ostendit
1049 2263 1158 2289 eam.
1224 2249 1443 2289 Mirantur
1466 2247 1610 2288 cuncti
1632 2246 1809 2294 factum,
1832 2245 2050 2299 simulque

386 2319 537 2360 laudes
584 2319 782 2359 Domino
820 2333 920 2359 cum
954 2319 1100 2360 sonitu
1149 2319 1434 2360 reddiderunt
1477 2316 1794 2370 cymbalorum.
1861 2315 1949 2357 Sed
1995 2315 2048 2355 ad

387 2390 647 2430 narrationis
670 2389 870 2430 ordinem
895 2390 1138 2430 redeamus.
2070 2396 2108 2424 30

446 2457 550 2496 Post
584 2462 772 2496 mortem
806 2462 954 2496 autem
994 2454 1204 2495 Gaufredi
1228 2455 1364 2502 ducis,
1389 2467 1486 2493 cum
1513 2453 1651 2493 redire
1686 2451 1897 2492 voluisset
1922 2450 2047 2491 Felix
2073 2444 2132 2499 36

386 2525 440 2566 ad
464 2539 589 2565 suum
616 2525 945 2573 monasterium,
968 2524 1229 2577 Hadegogis
1252 2523 1477 2563 comitissa
1501 2535 1586 2561 non
1611 2521 1809 2574 permisit
1833 2520 1954 2560 illurn
1979 2519 2049 2565 ire,

386 2595 462 2635 sed
488 2595 637 2636 multis
673 2594 877 2647 precibus
901 2595 1084 2647 rogavit,
1108 2600 1155 2634 ut
1191 2599 1387 2633 maneret
1410 2599 1453 2632 et
1489 2590 1715 2644 perficeret
1754 2603 1816 2637 ea,
1839 2602 1951 2641 quae
1987 2588 2050 2627 vir

387 2677 488 2704 suus
512 2665 553 2703 in
579 2664 876 2704 restaurandis
899 2663 1123 2703 coenobiis
1146 2662 1427 2702 inchoaverat
1462 2660 1612 2700 facere.
1679 2659 1896 2698 Retentus
1919 2657 2050 2709 igitur

457 2774 466 2794 ¹
494 2774 575 2808 The
593 2774 692 2808 work
717 2773 815 2808 done
834 2774 882 2818 by
903 2772 1006 2808 Felix
1026 2772 1250 2816 (970-1038),
1269 2771 1305 2806 in
1325 2771 1387 2806 the
1406 2782 1486 2814 way
1505 2769 1545 2804 of
1568 2767 1789 2803 restoration
1809 2768 1850 2801 of
1867 2766 2048 2802 monastic

387 2831 457 2874 lise,
476 2831 550 2865 and
568 2832 609 2866 of
623 2831 890 2866 ecclesiastical
909 2830 1158 2865 architecture
1178 2829 1213 2864 in
1233 2829 1396 2874 general,
1409 2840 1567 2873 appears
1588 2835 1624 2861 to
1642 2827 1736 2861 have
1755 2826 1829 2860 had
1849 2825 2049 2870 important

386 2890 459 2923 and
486 2897 706 2934 permanent
732 2890 866 2924 results
888 2902 894 2930 ;
928 2889 994 2924 but
1021 2889 1069 2923 all
1096 2889 1201 2923 these
1228 2888 1401 2932 Chapters
1431 2887 1566 2930 belong
1598 2893 1634 2920 to
1662 2885 1723 2919 the
1750 2883 1892 2928 history
1917 2884 1959 2917 of
1989 2884 2049 2917 the

390 2947 520 2991 Abbey
551 2948 591 2981 of
614 2948 664 2981 St.
686 2947 816 2981 Gildas
844 2947 890 2982 de
924 2947 1038 2991 Ruys,
1066 2954 1129 2981 not
1157 2954 1194 2980 to
1219 2946 1281 2980 the
1309 2945 1449 2988 history
1477 2945 1518 2978 of
1540 2943 1699 2985 Gildas;
1725 2943 1780 2977 for
1807 2941 1878 2976 this
1905 2953 2050 2983 reason,

392 3005 402 3038 I
425 3005 519 3039 have
546 3012 610 3039 not
635 3006 843 3049 attempted
870 3016 972 3039 more
1000 3005 1089 3038 than
1117 3005 1179 3038 the
1206 3003 1436 3038 translation.
1490 3003 1573 3036 One
1598 3001 1712 3046 point,
1732 3001 1914 3043 however,
1934 2999 1960 3034 it
1980 2999 2050 3034 will

389 3062 434 3096 be
453 3063 532 3096 well
552 3069 588 3096 to
607 3062 739 3096 notice.
790 3064 849 3097 On
869 3074 901 3107 p.
917 3071 983 3106 317
1000 3063 1062 3096 the
1081 3063 1180 3097 close
1201 3061 1429 3096 intercourse
1447 3061 1615 3094 between
1637 3060 1771 3103 Fleury
1785 3058 1860 3092 and
1882 3057 2050 3101 Brittany

392 3118 420 3153 is
448 3119 661 3154 mentioned
688 3131 728 3154 as
755 3132 776 3154 a
802 3132 935 3155 reason
955 3121 1037 3165 why
1058 3121 1208 3163 Breton,
1235 3120 1309 3154 and
1336 3119 1518 3164 probably
1539 3117 1689 3160 British,
1717 3117 1937 3151 documents
1956 3116 2050 3150 have

390 3178 483 3211 been
503 3178 701 3223 preserved
725 3186 762 3213 at
785 3180 848 3213 the
874 3186 1088 3223 monastery
1106 3179 1147 3213 of
1170 3179 1314 3223 Fleury.
1357 3179 1398 3212 In
1426 3176 1499 3212 this
1527 3184 1619 3221 part,
1639 3176 1719 3211 that
1745 3175 1984 3215 intercourse,
2012 3174 2046 3208 in

391 3235 452 3270 the
472 3247 605 3280 person
625 3236 666 3270 of
682 3236 793 3280 Felix,
816 3237 844 3271 is
865 3237 1005 3282 vividly
1024 3237 1193 3282 pictured
1212 3237 1268 3271 for
1285 3247 1328 3271 us
1346 3237 1395 3280 by
1413 3247 1433 3270 a
1454 3243 1751 3280 contemporary.
