2214 3556
81 367 111 394 II
129 367 203 404 Regu
223 367 260 396 iv.

74 759 164 788 Emi.
183 759 220 792 vi,
239 759 266 792 6,
284 769 312 795 7.

77 805 107 833 II
125 806 197 841 ch.
216 805 302 834 xix:

113 845 202 874 [isui.
223 845 334 874 xxxvii.

70 1116 134 1146 Jer.
155 1125 203 1148 xx,
228 1125 265 1150 2:

111 1155 222 1187 xxxvii,
240 1165 274 1193 15
289 1165 294 1189 ;

112 1194 191 1227 xxvi,
211 1196 236 1223 8.

71 1378 165 1445 chgr.
184 1377 223 1411 xi,
242 1387 288 1415 37,

111 1427 129 1454 3
152 1440 159 1448 .

71 2161 140 2190 Act.
160 2162 219 2195 xvi,
245 2172 289 2200 23.

70 2367 209 2403 Rufinus
220 2369 247 2396 le.
267 2378 288 2396 c.

110 2415 137 2438 ιι,
158 2416 202 2443 23.

372 253 385 282 1
399 239 460 296 84
865 239 944 284 De
969 238 1178 285 Excidio
1204 237 1517 284 Britanniae.

363 365 477 400 esset
500 360 555 399 ad
579 359 839 400 salvandum
859 373 989 413 quam
1016 360 1177 400 inimici
1202 360 1257 399 ad
1282 359 1570 412 pugnandum
1590 363 1606 399 ?
1669 358 1728 399 Et
1751 358 1847 412 quis
1871 372 2020 398 eorum

363 428 554 476 corporis
596 434 716 468 tactu
760 428 920 468 mortui
957 428 1122 469 scilicet
1160 428 1340 476 mundo,
1377 428 1562 467 viventis
1606 433 1753 467 autem
1798 427 1907 477 Deo,
1949 427 2021 467 alii

363 497 535 536 diverso
578 497 726 537 sunere
760 497 992 536 occubanti
1029 496 1177 548 procul
1214 497 1349 536 dubio
1392 502 1567 535 mortuo
1605 496 1715 542 Deo,
1761 495 1877 536 vitiis
1919 509 2022 540 vero

360 563 524 603 viventi
549 564 671 615 quasi
695 577 826 615 supra
849 564 991 603 dictus
1015 563 1224 615 proficiet,
1248 562 1307 602 ita
1330 568 1378 602 ut
1400 563 1549 602 statim
1583 562 1812 614 prosiliens
1845 562 2022 603 Christo

360 635 506 681 grates
530 643 608 682 pro
640 629 829 669 sanitate
863 635 966 681 agat
1004 635 1260 668 cunctorum
1296 642 1436 681 paene
1475 628 1724 668 mortalium
1760 642 1833 669 ore
1867 629 2020 681 despe-
2060 642 2077 671 5

360 701 453 735 rata
471 699 487 735 ?

446 760 581 801 Cuius
605 774 768 809 eorum,
791 759 979 799 carbone
1003 760 1143 811 ignito
1166 759 1221 799 de
1243 759 1368 800 altari
1393 759 1556 812 forcipe
1579 759 1801 801 Cherubin
1825 760 2022 808 advecto,

359 835 406 869 ut
430 835 610 881 peccata
633 842 710 868 sua
733 827 984 868 delerentur
1005 827 1256 868 humilitate
1278 828 1577 878 confessionis,
1610 828 1736 877 labia,
1769 835 1817 869 ut
1850 828 2021 878 Esaiae,

359 898 572 937 mundata
595 902 696 936 sunt
719 902 762 936 et
785 896 949 936 efficaci
973 897 1172 936 oratione
1201 896 1282 936 sibi
1311 897 1519 937 adiuncta
1548 898 1607 950 pii
1646 898 1758 950 regis
1792 897 2021 945 Ezechiae,

358 965 718 1019 supplantatione
741 970 918 1004 centum
943 965 1170 1017 octoginta
1193 965 1387 1019 quinque
1410 966 1529 1006 milia
1560 966 1781 1007 exercitus
1815 966 2021 1018 Assyrio·
2043 986 2078 1007 10

359 1048 453 1074 rum
478 1035 599 1074 nullo
622 1039 863 1087 apparente
887 1033 1076 1074 Vulneris
1099 1035 1287 1087 vestigio
1317 1035 1461 1088 angeli
1493 1049 1637 1083 manu,
1661 1041 1707 1075 ut
1739 1048 1871 1088 supra
1903 1035 2021 1084 dicti,

358 1109 576 1156 prostrata
599 1107 731 1143 sunt?
794 1102 903 1155 Quis
927 1116 1079 1143 eorum
1103 1103 1160 1143 ob
1193 1109 1430 1156 praecepta
1468 1103 1552 1143 Dei
1582 1109 1626 1143 et
1664 1104 1804 1143 minas
1839 1103 2020 1143 caelitus

357 1173 484 1212 datas
525 1173 846 1223 veritatemque
881 1171 947 1211 vel
991 1185 1077 1211 non
1122 1172 1403 1212 audientibus
1446 1171 1754 1224 proferendam
1796 1171 2020 1224 squalores

356 1241 630 1293 pedoresque
654 1253 890 1288 carcerum,
912 1246 959 1280 ut
984 1246 1319 1280 momentaneas
1344 1247 1520 1290 mortes,
1543 1247 1591 1281 ut
1623 1240 1779 1280 beatus
1811 1241 2019 1280 Ieremias

355 1309 568 1362 excepit?
634 1309 690 1349 Et
713 1322 767 1348 ne
791 1309 955 1349 multa:
988 1309 1086 1361 quis
1123 1323 1287 1359 eorum,
1323 1315 1370 1350 ut
1408 1310 1619 1362 magister
1655 1310 1856 1360 gentium
1891 1309 2019 1359 dixit,
2041 1329 2075 1357 15

353 1391 499 1418 errare
540 1377 584 1418 in
618 1377 831 1417 montibus
858 1384 899 1418 et
933 1377 978 1417 in
1015 1377 1234 1429 speluncis,
1267 1384 1307 1418 et
1338 1377 1382 1417 in
1419 1377 1614 1418 cavernis
1646 1383 1797 1428 terrae,
1828 1377 2023 1430 lapidari

353 1446 497 1496 secari,
520 1446 655 1487 totius
690 1447 843 1487 mortis
877 1459 1037 1499 genere
1067 1460 1146 1499 pro
1179 1446 1357 1487 nomine
1391 1446 1572 1486 Domini
1610 1446 1870 1498 attemptari,
1907 1446 2019 1486 sicut

354 1515 493 1556 sancti
516 1515 772 1569 prophetae,
795 1528 1029 1568 perpessus
1052 1519 1152 1555 est?

637 1653 697 1706 (b)
734 1653 975 1705 Compared
998 1653 1105 1693 willa
1122 1653 1236 1693 lVew
1267 1654 1511 1693 Testament
1532 1653 1751 1704 aramples,

441 1744 529 1785 Sed
553 1744 657 1796 quid
682 1744 968 1783 immoramur
990 1744 1031 1783 in
1056 1743 1274 1796 exemplis
1298 1743 1530 1792 veteribus,
1548 1757 1598 1783 ac
1617 1743 1651 1782 si
1679 1756 1765 1782 non
1795 1749 1941 1783 essent
1974 1743 2016 1782 in
2042 1752 2099 1799 73

354 1825 470 1851 novo
492 1811 579 1851 ulla
600 1811 613 1850 ?
677 1810 877 1851 Audiant
900 1812 1049 1863 itaque
1072 1825 1165 1859 nos,
1187 1811 1261 1864 qui
1285 1810 1452 1864 absque
1476 1810 1565 1851 ullo
1597 1810 1745 1850 labore
1778 1817 2016 1863 angustum

354 1880 436 1919 hoc
488 1880 567 1919 iter
620 1879 898 1920 Christianae
951 1880 1174 1932 religionis
1226 1886 1458 1933 praetento
1510 1886 1684 1920 tantum
1755 1880 2017 1920 sacerdotali

354 1947 532 1986 nomine
556 1947 716 1986 intrare
739 1960 784 1986 se
817 1952 988 1998 putant,
1021 1952 1250 1998 carpentes
1283 1960 1448 1998 paucos
1486 1946 1613 1986 flores
1650 1945 1785 1986 veluti
1822 1960 2019 1986 summos

353 2016 408 2055 de
440 2021 624 2054 extento
647 2022 899 2055 sanctorum
924 2016 1024 2055 novi
1056 2016 1310 2055 testamenti
1349 2015 1559 2055 tironum1
1581 2028 1856 2067 amoenoque
1879 2022 2016 2067 prato,

355 2082 464 2135 Quis
487 2084 711 2132 vestrum,2
733 2084 805 2135 qui
840 2083 1023 2135 torpetis
1056 2084 1202 2135 potius
1226 2097 1359 2136 quam
1390 2084 1552 2123 sedetis
1582 2083 1778 2135 legitime
1812 2084 1854 2122 in
1878 2097 2017 2123 sacer-
2038 2104 2074 2131 25

353 2152 490 2191 dotali
513 2152 646 2201 sede,3
668 2152 832 2192 eiectus
856 2153 910 2191 de
933 2152 1116 2192 consilio
1144 2153 1394 2204 impiorum,
1428 2158 1529 2205 post
1561 2152 1831 2192 diversarum
1865 2152 2017 2203 plagas

352 2223 572 2273 virgarum
597 2227 643 2261 ut
666 2221 804 2260 sancti
828 2221 1030 2273 apostoli,
1062 2222 1180 2273 quod
1214 2221 1374 2273 dignus
1412 2221 1588 2261 habitus
1626 2227 1692 2261 est
1726 2234 1804 2273 pro
1843 2220 2018 2261 Christo

351 2304 453 2330 vero
478 2290 593 2330 Deo4
615 2289 928 2330 contumeliam
953 2290 1058 2342 pati,
1080 2296 1175 2330 toto
1198 2290 1328 2330 corde
1351 2290 1536 2331 trinitati
1560 2290 1723 2342 gratias
1745 2290 1868 2342 egit?

440 2359 549 2412 Quis
566 2359 622 2399 ob
637 2359 940 2399 testimonium
960 2373 1110 2399 verum
1132 2360 1229 2399 Deo
1245 2359 1473 2399 ferendum
1500 2359 1674 2399 fullonis
1693 2366 1816 2399 vecte
1839 2359 2016 2399 cerebro

352 2441 593 2480 per-cussuS‚
616 2434 663 2467 ut
691 2427 876 2467 Iacobus
909 2427 1076 2480 primus
1110 2428 1151 2467 in
1186 2441 1300 2467 novo
1333 2427 1571 2468 dumtaxat
1601 2426 1852 2480 episcopus5
1885 2433 2014 2467 testa·
2035 2449 2074 2477 30

420 2600 430 2620 ¹
464 2601 654 2635 Tz'romtm.
707 2603 778 2635 See
798 2602 859 2635 the
878 2601 1053 2645 meaning
1074 2602 1115 2635 of
1135 2601 1154 2616 “
1169 2601 1356 2644 Tirones‚'’
1376 2613 1407 2645 p.
1429 2601 1458 2634 8.

418 2668 431 2689 ‘2
460 2670 552 2713 Quis
570 2674 735 2704 vestrum
751 2671 769 2703 .?
822 2670 915 2714 Quis
939 2682 1065 2704 corum
1094 2670 1123 2704 is
1150 2682 1232 2704 now
1251 2669 1475 2704 abandoned
1502 2669 1557 2703 for
1584 2669 1645 2703 the
1665 2679 1766 2702 more
1785 2667 1901 2702 direct
1923 2668 2016 2713 Quis

348 2730 511 2760 vestrum
528 2728 546 2760 ‚9
1684 2726 1696 2747 3
1724 2726 1778 2760 Cf.
1799 2738 1828 2760 c.
1849 2727 1903 2760 66.

416 2785 428 2805 ⁴
458 2785 606 2819 Chrislo
625 2797 712 2819 vero
731 2787 819 2820 Deo.
873 2787 943 2820 See
964 2798 995 2831 p.
1022 2796 1095 2829 191,
1116 2798 1150 2820 n.
1176 2796 1201 2820 1.

417 2852 429 2871 ⁵
455 2854 607 2887 Iambus
642 2882 648 2888 .
689 2882 695 2888 .
739 2882 745 2888 .
782 2856 937 2898 primas
966 2857 1163 2899 ejulrcojmm.
1231 2854 1322 2889 This
1359 2862 1458 2898 story
1493 2853 1705 2899 respecting·
1740 2854 1801 2888 the
1836 2854 1948 2889 death
1979 2855 2021 2888 of

347 2911 366 2925 “
381 2912 518 2954 james,
539 2913 599 2946 the
618 2913 769 2946 brother
795 2913 836 2946 of
861 2914 923 2947 the
952 2914 1080 2956 Lord‚⁷'
1100 2925 1185 2957 may
1204 2914 1298 2947 have
1324 2913 1417 2946 been
1437 2912 1589 2946 derived
1613 2913 1661 2956 by
1681 2912 1811 2946 Gildas
1833 2912 1927 2946 from
1951 2913 2013 2947 the

350 2968 455 3001 Latin
476 2969 619 3003 version
640 2971 680 3003 of
703 2970 900 3013 Eusebius,
922 2972 971 3005 H.
992 2972 1052 3014 E„
1073 2971 1108 3014 ii,
1128 2981 1182 3014 23,
1202 2972 1251 3015 by
1272 2971 1438 3012 Rufinus,
1459 2982 1500 3003 or
1518 2971 1610 3004 from
1638 2971 1816 3014 Jerome's
1843 2970 1899 3003 De
1917 2971 2014 3003 viris

347 3025 569 3069 2'llmlrz'btas3
606 3037 634 3060 2.
696 3029 748 3061 As
784 3035 821 3062 to
856 3029 917 3062 the
953 3029 1063 3063 mode
1099 3029 1141 3062 of
1170 3029 1294 3072 death,
1329 3040 1382 3062 we
1416 3029 1510 3062 have
1542 3039 1563 3061 a
1593 3039 1680 3071 very
1708 3028 1807 3070 early
1838 3027 2011 3061 tradition

349 3085 544 3126 preserved
564 3085 611 3128 by
632 3086 801 3119 Clement
828 3087 868 3119 of
890 3086 1114 3120 Alexandria
1142 3087 1176 3120 in
1204 3086 1260 3120 his
1286 3087 1550 3130 Hmfiolffioscs,
1571 3097 1612 3119 so
1639 3084 1823 3118 Eusebius
1850 3086 1932 3118 tells
1959 3097 2011 3127 us,

349 3142 430 3173 who
466 3153 560 3185 may,
596 3143 797 3187 according
828 3150 865 3177 to
907 3145 1038 3178 Zahn's
1076 3145 1299 3189 conjecture,
1333 3145 1427 3178 have
1462 3144 1576 3178 found
1605 3143 1629 3176 it
1666 3142 1700 3176 in
1739 3143 1801 3176 the
1836 3142 2011 3186 “Gospel

349 3198 549 3241 according
575 3206 611 3233 to
633 3201 694 3234 the
721 3200 962 3244 Egyptianss'
1012 3203 1157 3236 almost
1184 3203 1245 3236 the
1272 3213 1358 3246 very
1378 3202 1498 3236 words
1523 3201 1564 3235 of
1586 3201 1715 3235 Cildas
1744 3211 1829 3243 may
1850 3200 1896 3234 be
1923 3202 2011 3234 read
