2173 3556
113 704 150 733 ls.
172 705 221 738 lix,
244 715 298 741 1-4.

107 1255 147 1283 ls.
168 1255 218 1287 lix,
237 1255 296 1289 6-9.

107 1667 143 1694 ls.
165 1666 215 1698 lix,
241 1675 282 1701 14,
306 1674 348 1701 15.

113 2418 173 2446 ler.
194 2417 222 2449 ii,
249 2426 273 2449 1,
292 2425 317 2444 2.

108 2484 169 2512 ler.
192 2484 220 2517 ii,
239 2484 298 2519 4-6.

407 243 418 274 1
440 242 490 274 12
899 227 977 277 De
1002 226 1212 277 Excidio
1236 226 1550 276 Britanniae.

389 354 683 407 gragationem
707 355 836 394 unius
859 355 1003 406 fascis
1036 355 1081 395 in
1112 355 1250 394 lacum
1285 361 1324 394 et
1355 354 1608 394 claudentur
1637 352 1700 392 ibi
1726 351 1771 391 in
1792 363 1995 391 carcerem
2018 352 2057 388 et

386 427 487 472 post
508 423 661 461 multos
681 422 770 462 dies
791 422 1094 462 visitabuntur.
1157 422 1199 461 E
1202 429 1219 461 t
1252 421 1458 462 erubescet
1485 422 1590 461 luna
1611 428 1651 461 et
1682 420 1966 472 confundetur
1983 418 2056 467 sol,

393 502 486 527 eum
510 489 756 541 rcgnawrit
775 489 990 528 Dominus
1010 489 1266 528 exercituum
1305 489 1349 527 in
1384 494 1520 527 monte
1556 487 1591 528 S
1594 488 1662 527 ion
1684 494 1724 527 et
1743 487 1788 526 in
1809 486 2056 533 Ierusalem,

394 563 433 595 et
455 557 500 595 in
522 563 732 608 conspectu
754 571 901 597 smum
923 571 1098 597 snorum
1110 556 1258 608 fuerit
1270 556 1551 609 glorificatus.

484 625 542 665 Et
585 633 684 678 post
732 627 969 678 aliquanta,
1012 626 1227 665 rationem
1271 626 1471 673 reddens,
1524 639 1657 678 quam
1705 625 1761 665 ob
1809 638 1898 664 rem
1948 623 2053 664 talia
2073 624 2136 679 46

397 693 646 743 minaretur,
665 695 725 734 ita
740 695 799 734 ait
823 710 829 734 :
861 694 964 734 Ecce
981 709 1061 733 non
1084 701 1145 734 est
1164 694 1412 734 abbreviata
1435 708 1590 734 manus
1604 693 1796 742 Domini,
1819 700 1867 733 ut
1885 693 2056 732 salvare

394 769 580 814 nf'queat,
603 777 732 815 neque
751 762 994 815 adgravata
1015 769 1078 801 est
1097 762 1220 802 auris
1239 762 1340 811 eius,
1358 768 1407 801 ut
1427 776 1507 801 non
1529 761 1742 802 exaudiat.
1789 762 1879 801 Sed
1896 760 2054 813 iniqni-

393 837 500 870 tates
521 838 684 871 vestrae
704 831 947 870 diviserunt
967 831 1081 870 inter
1109 845 1181 870 vos
1201 837 1241 870 et
1272 831 1413 870 Deum
1451 836 1639 870 vestrum
1661 836 1701 870 et
1720 836 1892 882 peccata
1913 835 2055 869 vestra

391 899 697 939 absconderunt
704 900 867 951 faciem
889 900 980 939 emis-
1000 914 1026 939 a
1049 899 1175 949 vobis,
1198 914 1248 939 ne
1273 899 1502 939 exaudiret.
1565 900 1734 938 silanus
1763 899 1874 938 enim
1893 904 2057 938 vestrae

383 969 572 1020 pollutae
591 975 694 1008 sunt
712 969 923 1020 sangnine
943 975 982 1008 et
1010 968 1145 1020 dzgz'tz'
1162 968 1298 1007 vestri
1327 968 1556 1020 iniquitate
1569 983 1588 1015 ,·
1619 967 1735 1007 labia
1756 974 1898 1007 vestra
1918 967 2054 1007 locuta
2075 984 2112 1003 10

390 1043 493 1076 sunt
514 1037 780 1076 mendacium
817 1044 858 1076 et
886 1037 1038 1089 lingna
1072 1043 1215 1076 vestra
1249 1036 1523 1089 iniquitatem
1544 1037 1689 1088 fatur.
1752 1036 1853 1076 Non
1889 1043 1950 1076 est
1980 1036 2059 1088 qui

393 1112 503 1145 vocet
524 1105 737 1145 iustitiam
771 1120 900 1158 neque
933 1112 995 1145 est
1029 1105 1108 1157 qui
1125 1104 1284 1145 iudicet
1315 1119 1420 1154 vere,
1452 1105 1529 1144 sed
1559 1105 1779 1157 confidunt
1795 1105 1840 1144 in
1863 1104 1984 1153 nillil,
2016 1111 2056 1144 et

390 1174 627 1226 loquuntur
645 1174 860 1214 vanitates
881 1181 920 1214 et
939 1181 1207 1226 conceperunt
1226 1173 1409 1213 dolorem
1431 1180 1472 1213 et
1493 1180 1750 1225 pepererunt
1770 1173 2052 1226 iniquitatem.

394 1243 453 1282 Et
476 1243 586 1283 infra
607 1261 614 1285 :
647 1251 770 1296 opera
792 1258 934 1283 eorum
957 1243 1135 1283 inutilia
1157 1249 1197 1282 et
1216 1249 1318 1294 opus
1340 1242 1589 1294 iniqnitatis
1611 1242 1656 1282 in
1679 1242 1879 1282 manibus
1898 1256 2051 1282 eornm.
2078 1263 2087 1274 ι

391 1313 527 1352 Pedes
547 1328 690 1353 eorum
714 1313 759 1352 in
782 1313 944 1352 malum
966 1318 1148 1352 currunt
1168 1318 1207 1351 et
1223 1311 1454 1363 festinant,
1488 1318 1537 1351 ut
1555 1311 1782 1364 effundant
1800 1311 2052 1362 sanguinem
2075 1333 2109 1360 ις

392 1383 661 1422 innocentem.
729 1381 1013 1434 Cogitationes
1033 1396 1176 1421 eorum
1198 1381 1470 1433 cogitationes
1492 1381 1676 1429 inutiles,
1699 1380 1883 1420 vastitas
1903 1387 1942 1420 et
1961 1395 2051 1420 con-

391 1451 511 1491 tritio
533 1451 578 1490 in
600 1451 686 1490 viis
706 1465 848 1490 eorum
871 1457 911 1490 et
931 1450 1048 1490 viam
1062 1450 1186 1502 pacis
1207 1464 1288 1489 non
1306 1456 1589 1501 cognoverunt
1607 1456 1648 1489 et
1669 1464 1749 1488 non
1771 1456 1833 1489 est
1845 1449 2052 1489 indicimn

391 1521 436 1559 in
466 1520 687 1572 gressibus
721 1534 875 1559 eorum.
953 1519 988 1559 S
990 1519 1142 1559 emitae
1177 1533 1319 1559 eorum
1343 1519 1593 1558 incurvatae
1624 1525 1727 1557 sunt
1767 1519 1859 1558 eis:
1905 1518 2053 1568 omnis,

389 1589 468 1641 qui
485 1589 618 1628 calcat
638 1589 682 1628 in
704 1589 774 1637 eis,
797 1588 970 1641 ignorat
980 1595 1138 1640 pacem.
1201 1588 1385 1640 Propter
1403 1587 1477 1627 lzoc
1495 1588 1736 1639 elongatum
1765 1594 1827 1626 est
1846 1587 2053 1627 iudicium

389 1671 416 1696 a
438 1657 554 1697 vobis
574 1664 614 1697 et
635 1672 715 1697 non
737 1657 1013 1709 apprehendit
1033 1671 1106 1696 vos
1120 1657 1298 1697 iustitia.
1336 1657 1394 1696 Et
1418 1663 1516 1709 post
1539 1670 1680 1709 pauca
1699 1672 1705 1696 :
1728 1656 1790 1696 Et
1809 1671 2052 1697 conversum
2072 1675 2110 1694 20

389 1732 451 1765 est
467 1733 697 1766 retrorsum
735 1726 941 1766 iudicium
964 1733 1004 1766 et
1034 1726 1205 1766 iustitia
1225 1727 1346 1779 longe
1365 1725 1492 1774 stetit,
1515 1726 1617 1778 quia
1652 1725 1815 1765 corruit
1835 1725 1880 1765 in
1905 1726 2052 1778 platea

391 1795 552 1835 veritas
567 1802 607 1834 et
627 1796 821 1847 aequitas
843 1809 923 1834 non
936 1795 1081 1847 potuit
1101 1795 1280 1847 ingredi.
1315 1794 1376 1834 Et
1392 1795 1513 1843 facta
1533 1801 1596 1834 est
1608 1794 1769 1834 veritas
1785 1794 1829 1834 in
1847 1795 2054 1834 oblivione

389 1867 430 1901 et
449 1861 528 1913 qui
557 1861 723 1900 recessit
754 1876 780 1900 a
818 1861 939 1909 malo,
964 1861 1155 1913 praedae
1178 1861 1337 1912 patuit.
1400 1860 1463 1900 Et
1497 1860 1610 1900 vidit
1642 1860 1859 1900 Dominus
1901 1867 1942 1900 et
1971 1876 2052 1901 non

382 1930 550 1982 placuit
572 1930 616 1969 in
639 1930 769 1970 oculis
789 1930 889 1979 eius,
912 1930 1016 1982 quia
1038 1944 1119 1970 non
1141 1936 1203 1969 est
1219 1929 1438 1970 iudicium.

481 2000 722 2051 Hucusque
766 1999 924 2038 Esaiae
976 1999 1217 2052 prophetae
1260 2013 1400 2052 pauca
1440 1999 1496 2039 de
1538 1999 1686 2040 multis
1727 1999 1894 2039 dixisse
1935 1999 2052 2040 suffi-
2072 2002 2133 2047 47

390 2069 485 2108 ciat.

481 2138 608 2177 Nune
631 2151 733 2177 vero
756 2137 891 2186 illum,
913 2137 1000 2190 qui,
1022 2137 1276 2190 priusquam
1304 2137 1562 2177 formaretur
1585 2137 1626 2176 in
1651 2143 1785 2186 utero,
1809 2138 2051 2190 praescitus

390 2213 434 2246 et
466 2207 719 2259 priusquam
755 2206 897 2246 exiret
930 2207 985 2246 de
1022 2207 1164 2254 vulva,
1187 2205 1487 2246 sanctificatus
1510 2213 1553 2246 et
1577 2206 1617 2246 in
1642 2207 1811 2246 cunctis
1841 2207 2047 2259 gentibus

392 2275 608 2327 propheta
630 2275 798 2327 positus
832 2281 909 2324 est,
944 2275 1192 2315 Ieremiam1
1216 2275 1392 2324 scilicet,
1416 2275 1521 2327 quid
1545 2274 1600 2314 de
1623 2275 1788 2327 populo
1812 2275 2045 2327 insipiente

392 2344 630 2396 rigidisque
648 2344 822 2396 regibus
845 2344 1204 2396 pronuntiaverit,
1228 2358 1463 2396 parumper
1485 2344 1766 2384 attendentes
1789 2344 1951 2394 audite,
1969 2345 2050 2384 hoc
2071 2368 2109 2396 30

393 2413 527 2452 modo
550 2412 703 2452 leniter
726 2412 858 2452 verba
881 2413 1128 2452 initiantem
1148 2412 1233 2452 :Et
1240 2413 1413 2463 factum
1435 2419 1497 2452 est
1517 2412 1691 2452 verbum
1713 2413 1895 2452 Domini
1914 2414 1977 2453 ad
1989 2427 2053 2453 me

391 2480 531 2520 dicens
550 2496 556 2520 :
590 2481 697 2520 vade
717 2487 757 2520 et
777 2481 915 2520 clama
938 2481 982 2520 in
1004 2480 1185 2520 auribus
1212 2481 1447 2521 Ierusalem
1480 2488 1522 2521 et
1541 2481 1651 2521 dices
1671 2497 1678 2521 :
1710 2482 1857 2522 audite
1877 2483 2052 2522 verbum

392 2549 582 2596 Domini,
616 2549 766 2588 domus
802 2549 924 2589 [acob
953 2556 993 2589 et
1027 2564 1168 2589 omnes
1200 2550 1465 2602 cognationes
1497 2550 1648 2590 domus
1679 2550 1856 2590 Israhel.
1933 2552 2055 2591 Haec

462 2724 472 2744 ¹
490 2725 707 2767 jeremiam.
773 2725 826 2758 Cf.
862 2736 891 2758 c.
923 2726 969 2758 80
987 2737 993 2759 z
1037 2725 1253 2758 Hieremias
1285 2736 1427 2769 quoque
1460 2726 1570 2769 virgo
1593 2726 1854 2770 prophetaque.
1910 2727 1951 2760 In
1991 2727 2052 2761 the

392 2782 577 2816 reference
597 2789 633 2816 to
651 2782 838 2826 Jeremiah
868 2794 907 2816 as
938 2783 1072 2816 known
1101 2783 1175 2816 and
1202 2782 1405 2825 sancffified,
1437 2783 1562 2817 before
1593 2784 1639 2817 he
1670 2796 1743 2817 was
1761 2784 1865 2826 born,
1897 2791 1934 2818 to
1960 2785 2005 2818 he
2032 2797 2053 2818 a

393 2841 549 2884 prophet
569 2840 588 2856 ‘⁶
604 2848 692 2874 unto
707 2841 753 2874 all
770 2841 831 2874 the
847 2840 1025 2883 nations‚''
1044 2842 1122 2875 also
1141 2853 1181 2874 as
1201 2853 1221 2874 a
1240 2841 1559 2885 celibate(vz'12g⁷0),
1574 2841 1704 2875 Cildas
1722 2842 1862 2876 follows
1881 2842 2054 2887 ordinary

394 2897 598 2940 tratlitions,
633 2898 748 2931 which
784 2900 857 2933 had
891 2899 1113 2944 interpreted
1144 2900 1218 2933 and
1246 2899 1433 2944 amplified
1465 2900 1526 2934 the
1546 2900 1720 2944 meaning
1738 2901 1780 2934 of
1804 2901 1865 2935 the
1891 2901 2055 2946 opening

397 2956 516 2989 words
535 2956 576 2989 of
591 2956 651 2990 the
670 2957 768 2989 hook
788 2957 829 2990 of
842 2956 1040 3001 Jeremiah.
1092 2958 1253 3001 Jerome.
1273 2957 1527 3001 commenting
1554 2969 1600 2991 on
1628 2959 1698 3002 Jer.
1720 2957 1740 3000 i,
1771 2967 1786 3001 5
1808 2971 1814 2992 ;
1843 2958 2053 2993 “ordained

395 3014 478 3046 thee
498 3026 519 3047 a
538 3014 693 3057 prophet
722 3022 811 3048 tinto
830 3015 892 3048 the
918 3015 1098 3057 nations‚”
1127 3016 1292 3049 remarks
1313 3028 1318 3049 :
1346 3015 1449 3059 quod
1474 3026 1547 3049 non
1572 3015 1691 3049 solum
1709 3016 1923 3059 Jerusalem
1942 3017 2009 3050 sed
2020 3021 2055 3050 ct

396 3069 525 3101 multis
539 3069 578 3101 in
597 3070 758 3103 circuitu
771 3070 944 3113 gentibus
954 3070 1207 3114 prophetavit.
1259 3071 1331 3115 Ep.
1352 3069 1432 3113 xxii,
1454 3080 1507 3112 21,
1528 3071 1657 3104 makes
1677 3070 1791 3113 Elias,
1812 3071 1994 3113 Elisaeus‚
2010 3084 2051 3106 as

394 3125 472 3158 well
491 3137 532 3158 as
550 3125 740 3168 jeremia&
760 3127 930 3169 together
944 3126 1029 3160 with
1050 3128 1196 3171 “many
1215 3140 1301 3161 sons
1314 3127 1355 3161 of
1368 3128 1576 3172 prophet5‚”
1594 3127 1750 3162 celibate
1768 3141 1774 3162 ε
1802 3129 1912 3173 ls'zrgo
1930 3130 2051 3171 Elias,

394 3183 570 3216 Jilzlmeus
589 3185 708 3227 virgo,
728 3186 897 3229 viig'ines
916 3186 1031 3219 multi
1034 3187 1119 3230 filii
1125 3186 1408 3230 prophetarum.
1450 3187 1638 3229 jeremiae
1655 3187 1819 3220 dicitur:
1846 3188 1866 3203 ‘⁸
1879 3189 1934 3222 Et
1950 3193 1990 3222 tu
2007 3201 2052 3222 ne
