2173 3556
365 258 379 287 1
399 246 454 288 16
859 243 937 291 De
962 243 1171 291 Excidio
1196 243 1512 291 Britanniae.

73 389 135 418 [er.
153 389 203 425 vii,
221 399 267 426 27,
285 390 334 420 28.
443 378 532 421 Sed
555 379 682 430 absit,
705 385 752 421 ut
770 380 893 421 vobis
909 380 1084 422 eveniat
1101 381 1219 434 quod
1238 380 1435 434 sequitur
1456 380 1687 433 :Loqueris
1707 381 1769 420 ad
1785 395 1850 421 eos
1865 379 2011 420 omnia
2031 389 2094 432 49

356 447 484 488 verba
504 448 605 488 haec
624 455 664 488 et
684 463 765 489 non
787 449 965 489 audient
985 455 1023 489 te
1042 455 1082 489 et
1102 449 1267 490 vocabis
1294 464 1359 490 eos
1379 456 1420 490 et
1448 463 1529 490 non
1552 450 1856 502 respondebunt
1876 450 1957 489 tibi
1974 455 2015 489 et

356 516 464 556 dices
477 517 540 556 ad
549 531 614 557 eos
633 533 640 558 :
658 517 759 558 llaec
776 525 838 558 est
850 532 968 571 gens,
983 532 1090 571 quae
1110 533 1190 558 non
1209 518 1382 558 audivit
1402 533 1537 559 vocem
1553 518 1736 558 Domini
1749 519 1837 558 Dei
1853 518 1926 558 sui
1946 533 2017 558 nec

357 586 507 638 recepit
528 586 798 638 disciplinam
816 602 830 627 .·
852 587 989 639 periit
996 587 1112 640 fides
1133 593 1173 626 et
1192 587 1339 627 ablata
1361 593 1423 627 est
1442 587 1492 627 de
1512 601 1580 627 ore
1600 601 1754 627 eorum.
1833 587 1892 627 Et
1915 593 2014 639 post

69 659 289 696 lcr.vii1·‚4-7.
359 654 613 706 aliquanta:
645 655 883 708 Numquid
899 655 977 708 qui
1006 655 1122 695 cadit
1153 670 1234 695 non
1268 662 1459 708 resurget
1479 663 1519 696 et
1538 656 1616 708 qui
1634 670 1811 695 aversus
1841 663 1901 695 est
1933 670 2012 695 non
2052 664 2068 692 5

354 726 621 766 revertetur?
642 741 774 778 quare
794 741 890 779 ergo
911 741 1088 766 aversus
1107 733 1169 766 est
1180 727 1365 778 populus
1386 727 1463 767 iste
1485 727 1529 766 in
1546 727 1779 767 Ierusalem
1797 727 2015 766 aversione

351 794 605 833 contentiosa
623 795 644 834 .?
665 794 1032 847 apprehenderunt
1048 795 1313 835 mendacium
1331 801 1371 835 et
1387 796 1613 835 noluerunt
1634 796 1798 836 reverti.
1831 795 2017 835 Attendi

351 868 391 901 et
411 863 663 911 auscultavi,
697 877 816 903 nemo
849 863 964 916 quod
996 863 1148 903 bonum
1185 870 1246 903 est
1279 864 1479 916 loquitur.
1542 865 1706 904 qullus
1735 871 1796 904 est
1816 865 1893 917 qui
1911 871 2016 917 agat

341 931 654 982 paenitentiam
689 938 818 984 super
840 939 1006 984 peccato
1047 947 1122 972 suo
1153 933 1293 972 dicens
1307 948 1322 973 .·
1367 933 1479 985 quid
1490 933 1616 984 feci?
1647 947 1788 973 omnes
1827 933 2017 973 conversi

349 1005 451 1039 sunt
470 999 533 1039 ad
548 1013 717 1040 cursum
739 1015 865 1040 suum
887 1001 1016 1053 quasi
1025 1015 1155 1053 equus
1171 1001 1328 1053 impetu
1351 1001 1510 1041 vadens
1525 1001 1569 1041 in
1579 1002 1803 1054 proelium.
1839 1002 2010 1041 Milvus
2033 1009 2070 1029 10

350 1067 394 1107 in
417 1068 524 1108 caelo
544 1069 736 1121 cognovit
755 1075 917 1121 tempus
929 1084 1067 1119 suum,
1082 1076 1231 1109 turtur
1241 1076 1281 1109 et
1291 1069 1478 1111 lzirundo
1499 1077 1540 1110 et
1550 1070 1706 1110 ciconia
1727 1071 2016 1110 custodierunt

350 1143 513 1189 tempus
533 1137 742 1178 adventus
762 1138 842 1187 sui,
855 1139 1040 1190 populus
1076 1153 1193 1178 meus
1215 1153 1295 1179 non
1330 1139 1521 1192 cognovit
1554 1139 1760 1179 iudicium
1796 1140 1888 1180 Dei.
1954 1140 2013 1180 Et

349 1212 441 1246 tarn
466 1206 718 1247 vehementi
751 1207 1081 1259 sacrilegiorum
1116 1208 1330 1248 caecitate
1365 1214 1409 1248 et
1444 1207 1654 1248 ineffabili
1678 1208 1891 1249 ebrietate
1913 1222 2011 1261 pro-

351 1274 486 1327 pheta
508 1275 771 1315 conterritus
794 1282 837 1316 et
860 1275 1025 1316 deflens
1063 1290 1137 1316 eos
1175 1277 1249 1329 qui
1285 1290 1330 1316 se
1368 1277 1486 1329 ipsos
1525 1291 1613 1317 non
1637 1277 1872 1326 deflebant,
1897 1283 1944 1317 ut
1967 1284 2010 1318 et

352 1357 467 1383 nunc
511 1343 705 1384 infelices
747 1345 923 1397 tyranni
979 1352 1129 1398 agunt,
1171 1351 1298 1397 optat
1333 1345 1415 1385 sibi
1458 1345 1706 1386 auctionem
1752 1345 1933 1385 fletuum
1983 1359 2008 1384 a
2034 1356 2068 1384 15

65 1416 123 1460 letf-
164 1416 229 1452 viii.
267 1425 302 1445 21
325 1426 330 1451 ;
353 1413 550 1453 Domino
573 1413 768 1461 concedi,
791 1413 874 1453 hoc
913 1414 1046 1454 modo
1080 1414 1249 1454 dicens:
1281 1421 1409 1466 super
1443 1414 1690 1454 contritione
1712 1414 1841 1467 filiae
1864 1414 2018 1466 populi

106 1465 145 1489 υἷ’
165 1465 191 1493 3-
350 1480 435 1521 mei
453 1480 660 1520 contritus
679 1495 774 1521 sum
792 1496 806 1521 .·
837 1487 985 1534 stupor
1003 1481 1187 1522 obtinuit
1207 1495 1282 1523 me.
1343 1482 1583 1535 Numquid
1600 1483 1742 1523 resina
1774 1497 1856 1523 non
1877 1490 1939 1523 est
1969 1483 2013 1523 in

352 1549 530 1590 Galaad
545 1556 624 1589 aut
644 1550 828 1590 medicus
850 1565 930 1590 non
951 1557 1013 1590 est
1033 1551 1128 1592 ibi?
1177 1550 1321 1601 Quare
1340 1565 1437 1604 ergo
1459 1565 1541 1591 non
1563 1552 1737 1591 obducta
1758 1559 1820 1592 est
1839 1552 2016 1592 cicatrix

335 1619 464 1672 filiae
486 1619 640 1671 populi
670 1619 795 1659 mei?
873 1619 981 1670 Quis
1016 1620 1137 1660 dabit
1171 1619 1304 1671 capiti
1347 1634 1434 1659 meo
1479 1634 1638 1672 aquam
1673 1627 1713 1660 et
1746 1621 1875 1660 oculis
1910 1621 2015 1661 meis

333 1689 504 1740 fontem
539 1688 820 1728 lacrimarum
839 1690 865 1729 Ρ
926 1689 988 1728 Et
1022 1689 1198 1741 plorabo
1242 1689 1311 1728 die
1352 1695 1393 1729 et
1432 1695 1544 1729 nocte
1585 1690 1824 1740 intezfi‘ctos
1864 1691 2017 1742 populi
2033 1699 2071 1717 20

347 1757 439 1798 mei.
505 1756 613 1806 Quis
643 1756 765 1797 dabit
795 1758 906 1797 milii
946 1758 991 1798 in
1033 1757 1263 1798 solitudine
1304 1758 1589 1798 diversorium
1635 1759 1894 1800 viatorum?
1954 1760 2016 1799 Et

347 1825 639 1878 derelinquam
675 1827 883 1878 populum
936 1841 1074 1867 meum
1123 1833 1164 1866 et
1212 1827 1399 1866 recedam
1443 1827 1496 1866 ab
1535 1827 1604 1876 eis,
1655 1828 1824 1880 quando
1874 1843 2016 1868 omnes

347 1895 538 1934 adulteri
583 1901 694 1944 sunt,
737 1902 871 1935 coctus
892 1895 1305 1948 praevaricatorum.
1386 1895 1450 1935 Et
1497 1896 1775 1936 extenderunt
1818 1897 2013 1949 linguam

347 1977 471 2003 suam
524 1963 652 2016 quasi
699 1978 845 2004 arcum
890 1964 1103 2004 mendacii
1149 1970 1189 2004 et
1239 1978 1319 2004 non
1362 1963 1560 2004 veritatis
1580 1980 1587 2005 ε
1638 1965 1869 2016 confortati
1914 1973 2017 2005 sunt

349 2031 394 2071 in
417 2037 544 2080 terra,
567 2031 669 2084 quia
691 2032 740 2072 de
762 2032 874 2072 malo
895 2032 958 2072 ad
976 2033 1139 2072 malum
1161 2031 1320 2084 egressi
1337 2038 1440 2072 sunt
1472 2038 1512 2072 et
1532 2047 1596 2072 me
1618 2047 1698 2073 non
1721 2041 2012 2086 cognoverunt,
2032 2048 2069 2077 25

67 2114 126 2143 [εν.
146 2113 186 2148 ix,
206 2121 304 2150 13-15·
349 2099 453 2139 dicit
472 2100 696 2140 Dominus.
760 2101 819 2141 Et
852 2101 1009 2141 iterum
1033 2116 1040 2141 :
1072 2100 1135 2140 Et
1154 2100 1267 2141 dixit
1287 2101 1533 2142 Dominus:
1566 2101 1669 2154 quia
1698 2102 2015 2155 dereliquerunt

351 2169 480 2222 legem
503 2183 652 2217 meam,
685 2184 815 2222 quam
851 2170 951 2210 dedi
980 2170 1050 2218 eis,
1086 2176 1127 2210 et
1161 2184 1242 2209 non
1276 2169 1511 2209 audierunt
1543 2184 1678 2210 vocem
1702 2185 1838 2210 meam
1861 2178 1901 2211 et
1931 2186 2012 2211 uon

351 2238 683 2278 ambulaverunt
703 2238 747 2278 in
769 2253 828 2288 ea,
865 2245 906 2278 et
939 2238 1138 2279 abierunt
1163 2245 1265 2290 post
1286 2238 1554 2290 pravitatem
1587 2239 1725 2279 cordis
1758 2239 1838 2289 sui,
1862 2240 2013 2280 idcirco

349 2307 450 2347 lzaec
480 2307 583 2347 dicit
602 2307 818 2347 Dominus
849 2307 1106 2348 exercituum
1138 2307 1258 2347 Deus
1289 2307 1483 2348 lsralcel:
1515 2322 1596 2347 ecce
1626 2322 1697 2361 ego
1727 2308 1866 2348 cibabo
1877 2315 2011 2361 popu-

349 2377 439 2416 lum
462 2376 592 2416 istum
615 2376 827 2416 absinthio
848 2383 889 2417 et
898 2383 1053 2429 potum
1077 2377 1182 2417 dabo
1203 2376 1263 2416 eis
1297 2391 1456 2429 aquam
1477 2377 1604 2428 fellis
1623 2392 1631 2417 :
1662 2383 1706 2418 et
1738 2384 1837 2430 post
1860 2392 2011 2431 pauca,
2029 2395 2068 2423 30

348 2446 467 2498 quod
505 2447 637 2486 etiam
676 2445 867 2486 crebrius
905 2446 1008 2486 stilo
1042 2447 1260 2499 propheta
1293 2446 1511 2495 adiunxit,
1545 2446 1695 2486 dicens
1731 2461 1788 2487 ex
1823 2462 2012 2500 persona

67 2520 128 2551 [εν.
148 2522 186 2556 xi.
209 2533 252 2560 14.
350 2513 433 2553 Dei
457 2528 464 2553 :
503 2513 566 2552 Tu
582 2528 678 2566 eigo
701 2513 790 2553 noli
808 2527 931 2554 orare
941 2521 1024 2566 pro
1036 2514 1192 2566 populo
1212 2513 1295 2562 lcoc,
1313 2520 1352 2553 ct
1373 2528 1423 2553 ne
1444 2528 1641 2554 assumas
1646 2522 1730 2566 pro
1760 2515 1820 2555 eis
1840 2516 2010 2556 laudem

347 2589 386 2622 et
406 2583 651 2632 orationem,
673 2583 776 2636 quia
799 2597 879 2623 non
901 2583 1131 2623 exaudiam
1156 2583 1200 2623 in
1224 2589 1404 2634 tempore
1424 2583 1622 2623 clamoris
1641 2597 1784 2624 eorum
1807 2585 1870 2624 ad
1887 2599 1951 2625 me
1971 2591 2012 2625 et

347 2651 593 2704 afflictionis
613 2666 768 2692 eorum.
882 2657 886 2661 “

434 2720 552 2773 Quid
577 2734 681 2773 ergo
710 2734 824 2760 nunc
854 2720 1032 2761 infausti
1070 2721 1203 2761 duces
1239 2720 1432 2760 facient?
1465 2720 1525 2760 illi
1560 2721 1704 2772 pauci1
1737 2721 2008 2763 invenientes
2032 2725 2093 2771 50

416 2927 426 2947 ¹
452 2927 657 2971 Illipaucz‘.
709 2927 780 2960 We
806 2937 868 2960 are
897 2926 1091 2961 reminded
1118 2927 1159 2960 of
1186 2926 1345 2961 Gildas’s
1365 2927 1470 2960 other
1500 2926 1640 2960 similar
1654 2927 1785 2969 words,
1805 2927 1866 2961 the
1887 2927 2009 2972 “very

345 2987 411 3020 few
425 2987 441 3003 ²'
470 2987 640 3029 (exceptis
650 2987 785 3030 paucis
801 2990 837 3019 et
853 2985 963 3019 valde
984 2984 1142 3030 paucis)
1172 2985 1213 3019 of
1232 2997 1260 3019 c.
1282 2985 1336 3028 28,
1369 2986 1430 3019 the
1461 2984 1560 3019 “not
1579 2986 1626 3019 all
1641 2986 1657 3002 ''
1684 2986 1724 3019 of
1738 2997 1766 3019 c.
1787 2986 1842 3029 69,
1863 2986 1924 3020 the
1951 2986 1971 3002 “
1985 2986 2015 3020 if

346 3044 431 3087 they
449 3044 495 3078 be
515 3044 653 3087 1nany²'
672 3044 714 3077 of
727 3055 755 3077 c.
776 3053 832 3086 92,
851 3043 925 3077 and
941 3044 1002 3077 the
1022 3043 1041 3059 ‘⁶
1057 3044 1258 3087 extremely
1276 3044 1343 3077 few
1357 3044 1374 3060 ”
1402 3043 1638 3088 (paucissimi
1664 3044 1750 3077 boui
1769 3045 1954 3088 pastores)
1972 3046 2014 3079 of

346 3110 375 3132 c.
401 3109 475 3132 110.
531 3100 644 3133 what
663 3098 731 3132 will
753 3099 814 3132 the
833 3099 1010 3142 unhappy
1029 3098 1175 3142 princes
1195 3099 1253 3141 do,
1274 3099 1379 3132 when
1412 3098 1473 3132 the
1501 3098 1570 3132 few
1601 3099 1679 3132 that
1698 3099 1793 3133 have
1812 3099 1926 3134 found
1945 3101 2007 3135 the

347 3168 488 3190 narrow
519 3169 608 3200 way,
643 3168 705 3190 are
734 3156 930 3190 forbidden
967 3163 1003 3190 to
1038 3167 1128 3200 pray
1155 3156 1210 3190 for
1240 3156 1368 3190 them?
1428 3156 1514 3189 And
1545 3163 1615 3199 yet,
1648 3155 1678 3190 if
1699 3157 1785 3200 they
1815 3164 1938 3191 return
1971 3166 2007 3192 to

349 3215 569 3248 (jod-here
588 3226 641 3249 we
673 3225 733 3248 see
752 3214 813 3249 the
841 3214 915 3248 real
947 3213 1230 3248 Gildas—since
1264 3214 1324 3248 He
1344 3213 1433 3248 wills
1453 3221 1516 3247 not
1535 3214 1614 3248 that
1632 3225 1654 3248 a
1672 3215 1752 3248 soul
1783 3215 1917 3248 should
1935 3215 2006 3259 die,
