2214 3556
92 1628 103 1656 I
123 1628 206 1656 Pelr.
226 1627 256 1660 ii,
278 1636 333 1664 1-3.

93 1899 103 1926 Ι
123 1899 207 1927 Fen.
228 1900 259 1931 ii.
276 1909 302 1935 9.

93 2386 162 2413 Art.
183 2386 264 2423 i‚15‚
285 2388 331 2415 16.

94 2528 163 2557 ΛΝ.
186 2529 202 2561 l,
223 2531 267 2558 18.

390 349 483 391 244
890 333 969 378 De
996 333 1202 379 Excidio
1230 332 1542 379 Britanniae.

573 467 739 502 CILDAS’
768 469 977 502 ORDINAL.
1546 469 1759 501 VULGATE.

386 540 434 575 15.
463 532 665 566 secundum
710 543 794 566 eum
837 532 897 577 qui
941 543 1006 566 vos
1040 531 1183 566 vocavit
1242 532 1445 565 secundum
1465 530 2041 576 eumquivosvocavitsanctum

522 598 672 624 sanctos
697 598 732 625 ct
759 603 824 624 vos
852 590 969 624 sancti
1011 589 1045 624 in
1083 590 1182 623 omni
1311 596 1346 623 et
1367 589 1433 634 ipsi
1454 589 1570 623 sancti
1587 588 1621 622 in
1642 588 1741 622 omni
1761 588 2043 623 conversatione

520 648 801 682 conversatione
821 655 948 683 estote.
1311 646 1399 680 sitis.

385 707 432 740 16.
461 714 610 751 propter
627 707 727 751 quod
754 707 930 751 scriptum
958 714 1036 741 est:
1065 707 1180 741 sancti
1240 704 1416 750 quoniam
1447 704 1624 749 scriptum
1656 712 1734 739 est:
1779 704 1894 739 sancti
1924 712 2043 740 estote

518 772 646 806 estote,
666 764 753 810 quia
771 777 842 809 ego
861 777 940 799 sum
961 772 1121 799 sanctus.
1309 762 1452 805 (eritis),
1471 762 1557 808 quia
1578 770 1614 797 et
1638 774 1709 807 ego
1736 763 1928 808 (quoniam
1956 764 2042 807 ego)

379 835 431 858 22.
461 824 639 857 carissimi
669 824 806 865 (added
834 825 1016 868 probably
1034 836 1074 858 as
1102 836 1180 869 pre·
1310 829 1460 855 sanctus
1479 833 1570 855 sum.

519 882 690 926 liminary
709 881 936 924 salutation).

447 941 649 974 castificate
668 940 714 974 ad
734 939 987 974 obedientiam
1006 940 1090 974 fidei
1117 952 1182 985 per
1237 937 1486 972 castificantes
1516 938 1550 972 in
1582 935 1833 973 obedientiam
1865 938 2040 981 caritatis,

519 997 699 1042 spiritum,
719 997 754 1031 in
774 997 938 1039 caritate,
958 997 992 1031 in
1013 997 1180 1032 fraterni·
1308 997 1343 1031 in
1374 996 1614 1031 fraternitatis
1645 1007 1772 1030 amore
1801 996 1970 1041 simplici,
1997 1008 2041 1030 ex

517 1062 603 1097 tate,
646 1066 689 1088 ex
731 1055 842 1088 corde
892 1066 978 1088 vero
1022 1055 1180 1089 invicem
1310 1055 1421 1089 corde
1441 1054 1599 1088 invicem
1619 1053 1763 1097 diligite
1781 1053 1968 1088 attentius.

517 1112 716 1155 diligentes
735 1120 1030 1157 perseveranter.

376 1180 429 1214 23.
458 1170 562 1215 quasi
582 1169 697 1204 renati
727 1197 734 1204 .
762 1197 768 1204 .
797 1197 804 1204 .
833 1197 839 1204 .
869 1170 933 1204 sed
961 1170 1178 1216 incorrupti·
1236 1171 1353 1205 renati
1390 1198 1397 1204 .
1435 1197 1442 1204 .
1480 1197 1487 1204 .
1525 1196 1533 1204 .
1573 1170 1639 1204 sed
1667 1169 1935 1214 incorruptibili
1975 1181 2041 1215 per

515 1227 578 1262 bili
598 1228 712 1262 verbo
732 1228 802 1262 Dei
823 1228 905 1262 vivi.
1304 1228 1458 1262 verbum
1479 1227 1549 1261 Dei
1568 1227 1650 1261 vivi.

465 1411 589 1450 Haec
621 1410 800 1463 quidem
833 1410 890 1450 ab
922 1410 1126 1463 apostolo
1159 1410 1381 1458 mandata,
1403 1416 1446 1450 et
1479 1409 1521 1448 in
1554 1408 1625 1448 die
1657 1415 1830 1449 vestrae
1865 1409 2039 1449 ordina·
2068 1421 2155 1468 107

376 1480 508 1520 tionis
536 1480 660 1529 lecta,
683 1486 730 1520 ut
752 1493 803 1520 ea
827 1480 1051 1532 indirupte
1080 1479 1372 1527 custodiretis,
1394 1479 1468 1518 sed
1497 1491 1776 1531 nequaquam
1801 1492 1826 1518 a
1848 1478 1972 1518 vobis
1996 1478 2038 1518 in

377 1549 538 1588 iudicio
576 1549 770 1601 impleta,
792 1549 868 1588 sed
902 1562 982 1588 nec
1008 1548 1194 1588 multum
1233 1548 1430 1599 cogitata
1458 1547 1526 1587 vel
1559 1547 1783 1587 intellecta
1805 1554 1916 1588 sunt.
1981 1547 2040 1588 Et

378 1618 488 1657 infra
509 1634 516 1658 :
548 1618 812 1670 Deponentes
833 1617 975 1670 igitur
992 1631 1156 1657 omnem
1179 1617 1396 1657 malitiam
1418 1623 1458 1656 et
1478 1630 1640 1656 omnem
1663 1615 1806 1656 dolum
1838 1623 1879 1656 et
1905 1617 2039 1657 simu-

375 1687 577 1726 lationem
622 1693 661 1726 et
696 1686 911 1726 invidiam
953 1693 993 1726 et
1031 1686 1309 1726 detractiones
1342 1685 1404 1725 sic
1436 1692 1486 1725 ut
1517 1685 1637 1725 modo
1669 1685 1814 1737 geniti
1851 1685 2040 1737 infantes
2077 1715 2095 1744 5

377 1755 653 1796 rationabiles
681 1762 723 1795 et
746 1755 838 1795 sine
870 1755 961 1795 dolo
993 1755 1060 1795 lac
1095 1755 1373 1807 concupiscite,
1396 1761 1445 1794 ut
1473 1769 1515 1795 eo
1545 1755 1739 1795 crescatis
1769 1755 1814 1794 in
1844 1755 2038 1804 salutem,

375 1825 576 1878 qnoniam
614 1825 750 1864 dulcis
784 1831 845 1864 est
881 1824 1106 1865 Dominus.
1170 1825 1445 1877 Recogitate,
1467 1838 1521 1864 an
1549 1824 1656 1864 haec
1686 1838 1862 1877 quoque
1895 1825 2036 1865 surdis

377 1895 554 1934 auribus
591 1907 616 1934 a
648 1894 774 1934 vobis
809 1893 960 1933 audita
997 1893 1190 1933 crebrius
1225 1893 1548 1934 conculcentur.
1626 1893 1685 1933 Et
1722 1893 1911 1934 iterum:
1958 1893 2037 1934 Vos

375 1970 516 2003 autem
543 1976 682 2015 genus
716 1963 899 2011 electum,
942 1963 1082 2014 regale
1115 1962 1407 2010 sacerdotium,
1436 1976 1544 2015 gens
1579 1968 1736 2011 sancta,
1761 1963 1947 2014 populus
1990 1963 2036 2003 in

375 2032 648 2084 adoptionem,
671 2039 721 2071 ut
740 2032 921 2071 virtutes
942 2031 1209 2071 annuntietis
1228 2031 1328 2081 eius,
1351 2032 1495 2084 quide
1512 2031 1692 2072 tenebris
1713 2046 1786 2071 vos
1806 2033 1971 2072 vocavit
1992 2033 2036 2072 in
2057 2056 2094 2075 10

375 2100 490 2140 illud
499 2107 587 2140 tam
605 2100 862 2140 admirabile
878 2100 1021 2140 lumen
1042 2114 1179 2141 suum.
1225 2100 1326 2140 Non
1350 2100 1492 2140 solum
1516 2101 1632 2140 enim
1658 2114 1734 2153 per
1754 2115 1830 2141 vos
1852 2102 2036 2142 virtutes

377 2170 460 2209 Dei
485 2183 568 2209 non
593 2170 924 2218 annuntiantur,
939 2170 1014 2208 sed
1033 2169 1166 2209 etiam
1186 2170 1456 2222 pravissimis
1475 2170 1628 2210 vestris
1647 2170 1764 2222 apud
1788 2170 2036 2210 incredulos

373 2252 572 2291 quosque
614 2238 918 2290 despiciuntur
959 2238 1186 2290 exemplis
1272 2238 1473 2278 Audistis
1516 2238 1627 2278 forte
1669 2239 1711 2278 in
1754 2240 1910 2279 eodem
1954 2240 2037 2288 die,

376 2308 494 2360 quod
534 2307 575 2346 in
612 2306 800 2347 lectione
835 2307 976 2347 Actus
1017 2307 1335 2359 Apostolorum
1364 2307 1525 2347 lectum
1553 2314 1631 2355 est,
1666 2308 1796 2347 Petro
1829 2308 1874 2347 in
1903 2309 2038 2348 medio

376 2376 678 2428 dzlsripnlommz
711 2382 918 2428 surgente
947 2376 1021 2428 qui
1052 2376 1194 2415 dixit:
1257 2376 1357 2416 Viri
1378 2377 1562 2427 fratres,
1590 2382 1747 2428 oportet
1778 2377 2036 2429 scripturam
2058 2395 2092 2423 15

376 2446 556 2497 impleri,
578 2459 706 2498 quam
720 2445 944 2497 prandidit
967 2444 1162 2496 Spiritus
1186 2444 1372 2485 Sanctus
1383 2452 1467 2497 per
1484 2459 1528 2484 os
1550 2445 1706 2485 David
1721 2445 1771 2485 de
1791 2445 1820 2485 I
1818 2446 1915 2486 uda.
1979 2446 2036 2485 Et

377 2515 509 2567 paulo
544 2521 669 2566 post:
717 2514 805 2553 Hic
837 2514 980 2566 itaque
1013 2513 1254 2566 adquisivit
1285 2528 1440 2566 agrum
1474 2514 1524 2553 de
1560 2514 1743 2554 mercede
1778 2514 2033 2566 iniquitatis.

381 2584 479 2622 Hoc
512 2597 664 2623 securo
694 2583 760 2622 vel
797 2584 944 2635 potius
982 2583 1127 2622 hebeti
1163 2583 1306 2631 corde,
1343 2583 1466 2635 quasi
1505 2596 1590 2622 non
1625 2584 1679 2622 de
1714 2583 1838 2623 vobis
1874 2583 2033 2622 lectum

378 2652 540 2701 suisset,
578 2652 772 2691 audistis.
851 2652 975 2704 Quis,
1012 2665 1188 2703 quaeSO,
1225 2659 1418 2691 vestrum
1463 2665 1548 2691 non
1587 2652 1757 2704 quaerit
1791 2665 1943 2703 agrum
1980 2651 2035 2691 de

378 2722 577 2761 mercede
602 2721 876 2773 iniquitatis?
937 2721 1069 2760 Iudas
1093 2734 1283 2772 namque
1308 2720 1473 2760 loculos
1496 2720 1777 2772 compilabat,
1801 2734 1877 2759 vos
1900 2720 2032 2759 eccle-
2054 2742 2092 2760 20

375 2791 463 2830 siae
497 2789 694 2829 donaria¹
720 2789 997 2841 filiorumque
1029 2789 1200 2828 animas
1222 2789 1315 2828 eius
1338 2789 1534 2828 vastatis.
1600 2788 1678 2828 Ille
1701 2788 1809 2828 adiit
1835 2788 2034 2836 Iudaeos,

376 2866 421 2899 ut
456 2860 599 2898 Deum
634 2860 855 2905 venderet,
878 2872 955 2897 vos
989 2864 1200 2910 tyrannos
1233 2863 1275 2897 et
1308 2864 1477 2909 patrem
1501 2863 1693 2896 vestrum
1724 2856 1964 2905 diabolum,
1987 2863 2033 2896 ut

375 2929 596 2968 Christum
621 2927 888 2980 despiciatis.
955 2927 1033 2966 llle
1066 2927 1247 2978 triginta
1279 2926 1496 2977 argenteis
1520 2925 1718 2964 venalem
1753 2924 1906 2963 habuit
1938 2938 2030 2963 om-

373 2998 491 3035 nium
518 2996 806 3043 Salvatorcm‚
830 3010 906 3034 vos
931 2995 994 3035 vel
1021 3009 1108 3034 uno
1131 2994 1272 3033 obolo.

442 3172 450 3191 ¹
479 3172 663 3205 Ecclesiae
681 3171 850 3203 donaria.
889 3171 969 3204 The
985 3171 1133 3204 Church
1153 3170 1238 3212 had,
1258 3177 1294 3204 at
1314 3169 1386 3203 this
1406 3169 1505 3212 time,
1525 3181 1574 3202 no
1592 3168 1805 3213 possession
1825 3180 1866 3201 or
1886 3168 2030 3203 income

372 3236 500 3272 except
527 3229 588 3261 the
616 3228 689 3261 free
717 3227 804 3271 gists
830 3227 871 3260 of
902 3227 963 3260 the
989 3226 1160 3267 faithful;
1195 3237 1236 3260 as
1264 3238 1286 3260 a
1314 3234 1507 3271 corporate
1538 3227 1637 3270 body
1662 3225 1686 3260 it
1711 3226 1819 3259 could
1850 3237 1930 3259 own
1958 3238 2031 3270 any

372 3287 445 3319 real
474 3292 646 3329 property
670 3296 711 3317 so
738 3284 847 3327 given
869 3297 876 3325 ;
902 3285 1060 3318 donaria
1083 3284 1203 3318 would
1231 3295 1341 3318 cover
1358 3284 1476 3318 either
1494 3284 1594 3317 kind.
1647 3284 1736 3318 (jan.
1757 3295 1801 3316 xv
1820 3283 1862 3316 of
1876 3284 2030 3318 Statum
