2173 3556
74 396 186 427 serem.
206 397 287 429 xviii,
301 399 326 426 8.

72 529 184 560 Jcrcm.
203 530 296 563 xxxii,

73 675 165 704 Dent.
183 676 273 709 xxxii,
288 678 337 704 28-

113 724 160 751 30.

71 884 188 914 ‘'lhzltlz.
219 886 258 918 xi,
283 888 333 914 28-

111 934 156 961 29.

70 1365 170 1393 Aliso.
191 1364 230 1397 iii,
251 1367 277 1393 8.

71 1487 155 1515 Esai.
172 1487 244 1521 lviii,
267 1498 279 1516 1
299 1498 304 1521 ;

106 1527 156 1560 lvi,
178 1537 221 1555 10.

65 1649 155 1678 Prov.
176 1650 255 1683 xxiv,
275 1660 323 1687 24.

67 1935 178 1964 Eccles.
200 1935 236 1969 iv¹
256 1945 301 1972 27.

68 2116 160 2144 Prov⁴
181 2117 259 2149 xxiv,
281 2126 324 2146 11.

64 2247 158 2277 Prov.
178 2249 217 2281 xi,
235 2259 260 2285 4.

66 2314 76 2342 1
96 2316 182 2345 Pelr.
202 2316 238 2350 iv,
262 2319 303 2345 18.

366 256 427 312 84
865 251 944 301 De
969 251 1178 301 Excidio
1202 251 1517 301 Britanniae.

364 389 643 429 Peccatorem
667 389 749 429 hoc
771 389 1053 430 vehementer
1076 390 1130 429 ad
1155 389 1471 442 paenitentiam
1495 389 1694 429 hortatur
1714 404 1721 428 :
1745 389 1810 429 Et
1823 387 2023 441 sipaeni-

360 456 538 496 tentiam
560 457 692 509 egirit
705 470 812 508 gens
829 457 907 496 illa
929 471 955 496 a
967 464 1132 509 peccato
1153 471 1238 506 suo,
1251 457 1565 508 paenitentiam
1588 463 1629 496 et
1652 471 1723 509 ego
1749 470 1877 509 agam
1899 463 2027 508 super

359 526 480 572 malo,
505 524 619 577 quod
635 526 796 565 locutus
815 539 923 574 sum,
941 532 989 564 ut
995 526 1188 576 facerem
1210 525 1256 565 ei.
1302 525 1361 565 Et
1382 526 1538 565 iterum
1560 541 1567 565 ς
1595 525 1704 574 Quis
1724 524 1846 564 dabit
1859 525 1920 564 eis
1941 524 2024 563 tale

356 607 434 642 cor,
457 600 505 633 ut
524 593 711 633 audiant
732 608 796 633 me
816 600 857 634 et
875 594 1117 634 custodiant
1127 600 1353 646 praecepta
1376 608 1467 633 mea
1490 600 1529 633 et
1551 594 1648 634 bene
1667 594 1727 633 sit
1746 593 1807 633 eis
1827 592 2023 632 omnibus

355 662 502 702 diebus
523 663 637 702 vitae
656 676 767 702 suae.
811 663 1013 715 Itemque
1036 663 1077 702 in
1094 663 1265 702 cantico
1283 663 1617 703 Deuteronomii
1640 677 1647 702 ε
1660 662 1854 714 populus,
1870 662 2022 714 inquit,
2041 684 2057 712 ,ς

355 730 509 782 absque
538 730 709 770 consilio
753 737 794 770 et
818 730 1088 782 prudentia:
1131 731 1301 770 utinam
1342 737 1538 783 saperent
1575 737 1615 770 et
1646 730 1936 782 intellegerent
1974 744 2025 770 ac

354 799 588 838 novissima
600 799 888 851 providerent,
910 799 1112 852 quomodo
1122 806 1412 852 persequatur
1440 813 1553 839 unus
1574 799 1690 839 mille
1706 806 1747 839 et
1769 799 1852 838 duo
1860 799 2024 851 fugent

353 867 488 907 decem
521 868 656 908 milia.
719 868 778 908 Et
821 869 976 908 iterum
1021 869 1062 908 in
1101 869 1333 921 euangelio
1382 869 1602 908 Dominus
1625 884 1633 909 :
1677 868 1822 908 Venite
1864 868 1926 907 ad
1957 882 2023 908 me

353 949 504 984 omnes,
533 935 611 987 qni
637 935 845 975 laboratis
871 942 913 975 et
941 935 1110 975 onerati
1134 936 1244 985 estis,
1277 942 1318 976 et
1348 950 1418 989 ego
1451 950 1524 976 vos
1552 936 1804 989 requiescere
1818 935 2020 988 faciam.1

361 1005 510 1044 Tollite
532 1005 682 1056 iugum
719 1018 858 1044 meum
895 1012 1023 1056 super
1053 1018 1126 1044 vos
1160 1011 1202 1044 et
1234 1005 1382 1045 discite
1402 1020 1429 1044 a
1466 1019 1541 1054 me,
1574 1005 1678 1058 quia
1713 1005 1832 1045 mitis
1864 1019 1960 1044 sum
1982 1011 2023 1045 et
2042 1031 2077 1050 10

352 1073 532 1113 lcitluilis
552 1073 681 1123 corde,
703 1080 742 1113 et
763 1073 992 1113 invenietis
1014 1074 1200 1126 requiem
1223 1074 1454 1114 animabus
1475 1075 1640 1115 vestris.

445 1143 561 1182 Nam
613 1143 648 1182 si
691 1142 798 1181 haec
846 1142 987 1181 surdis
1034 1142 1212 1182 auribus
1255 1143 1420 1191 audias,
1467 1143 1706 1196 prophetas
1750 1149 2020 1193 contemnas,

357 1210 579 1251 Christum
632 1211 848 1262 despicias
901 1209 1096 1263 nosque,2
1148 1211 1249 1250 licet
1300 1211 1536 1250 vilissimae
1587 1211 1812 1264 qualitatis
1869 1212 2018 1261 simus,

357 1279 516 1319 nullius
554 1280 767 1319 momenti
805 1279 951 1326 ducaS,
989 1279 1296 1332 propheticum
1340 1280 1445 1320 illud
1476 1281 1645 1320 sincera
1682 1281 1816 1320 animi
1854 1281 2019 1333 pietate

356 1356 578 1388 servantes
611 1354 878 1400 utcumque:
914 1348 949 1388 S
953 1348 972 1387 i
998 1362 1080 1388 non
1098 1362 1170 1401 ego
1201 1348 1428 1401 implevero
1438 1348 1750 1401 fortitudinem
1784 1349 1830 1388 in
1860 1349 2018 1401 spiritu
2039 1376 2073 1405 15

352 1423 392 1456 et
412 1416 570 1456 virtute
591 1415 784 1465 Domini,
806 1422 855 1455 ut
887 1416 1101 1456 enuntiem
1127 1416 1278 1456 domui
1306 1417 1337 1456 J
1334 1417 1429 1457 acob
1441 1423 1612 1470 peccata
1645 1431 1789 1457 eorum
1812 1423 1854 1457 et
1870 1417 2023 1457 domui

352 1485 524 1525 Israhel
559 1485 712 1525 scelera
753 1498 910 1534 eorum,
942 1498 996 1524 ne
1030 1485 1167 1525 simus
1203 1499 1326 1526 canes
1357 1486 1474 1526 muti
1506 1500 1587 1526 non
1621 1486 1808 1526 valentes
1840 1486 2016 1526 latrare.

353 1553 413 1593 Et
432 1552 538 1592 illud
565 1552 817 1593 Salomonis
840 1552 901 1592 ita
923 1552 1136 1593 dicentis:

644 1633 735 1684 Qui
751 1633 858 1673 dicit
879 1634 1060 1685 impium
1083 1635 1245 1674 iustum
1268 1649 1352 1675 esse

640 1703 888 1742 maledictus
908 1702 992 1742 erit
1002 1704 1175 1755 populis
1196 1710 1236 1744 et
1255 1704 1426 1744 odibilis
1441 1704 1642 1756 gentibus
1661 1719 1675 1744 .·
2035 1737 2073 1756 20

637 1784 738 1810 nam
760 1770 838 1822 qui
854 1778 1058 1822 myrtunt,
1081 1772 1258 1812 meliora
1277 1771 1518 1824 sperabunt.

350 1839 409 1879 Et
442 1839 598 1879 iterum
619 1854 626 1878 :

636 1907 736 1947 Non
759 1908 995 1947 reverearis
1011 1908 1259 1960 proximum
1289 1909 1333 1948 iu
1355 1922 1499 1948 casum
1523 1923 1666 1958 suum,

636 1990 709 2016 nec
728 1974 911 2016 retineas
934 1976 1110 2017 verbum
1134 1977 1179 2017 in
1203 1984 1383 2030 tempore
1403 1978 1572 2018 salutis.

353 2034 551 2087 Itemque
572 2049 579 2074 :
2034 2063 2070 2091 25

634 2092 753 2133 Erue
774 2109 849 2144 eos,
871 2094 950 2147 qui
966 2093 1186 2133 ducuntur
1203 2093 1265 2132 ad
1283 2100 1470 2143 mortem,

635 2168 676 2202 et
696 2163 901 2204 redimere
922 2177 987 2204 eos
1007 2163 1086 2215 qui
1104 2162 1427 2216 i'nte⁷7fic2‘untur
1445 2177 1495 2202 ne
1507 2169 1678 2215 parcas,

347 2242 450 2293 quia
493 2255 574 2281 nou
606 2242 857 2294 proderunt,
896 2250 943 2284 ut
978 2243 1095 2283 idem
1133 2242 1349 2295 propheta
1386 2243 1458 2291 ait,
1491 2242 1673 2283 divitiae
1709 2242 1753 2282 in
1789 2243 1858 2283 die
1891 2243 2014 2283 irae:

348 2310 519 2350 iustitia
541 2325 568 2350 a
604 2318 737 2351 morte
767 2312 934 2353 liberat.
999 2311 1034 2352 S
1037 2312 1057 2351 i
1074 2311 1214 2352 iustus
1234 2312 1405 2364 quidem
1428 2311 1505 2351 vix
1539 2312 1688 2352 salvus
1707 2312 1775 2361 sit,
1798 2311 1955 2364 impius
1975 2319 2015 2352 et

337 2386 529 2431 peccator
548 2379 625 2419 ubi
646 2381 820 2432 parebit
838 2382 864 2421 Ρ
927 2381 1006 2421 Ille
1040 2380 1237 2434 profecto
1264 2387 1307 2421 te
1344 2380 1602 2421 tenebrosus
1636 2381 1810 2421 tartari3
1842 2388 2011 2421 torrens
2032 2411 2070 2438 30

420 2526 429 2546 ¹
458 2526 601 2569 Gssdas,
631 2527 735 2561 when
764 2527 920 2572 quoting
951 2528 1151 2562 elsewhere
1178 2527 1454 2571 consecutively
1480 2528 1574 2561 from
1605 2528 1667 2561 the
1695 2528 1866 2572 Gospels,
1897 2528 1964 2562 has
1990 2540 2012 2562 a

346 2592 419 2618 text
451 2586 585 2619 almost
615 2585 788 2619 identical
825 2586 909 2619 with
939 2587 1017 2620 that
1046 2586 1087 2619 of
1110 2586 1172 2620 the
1204 2586 1389 2629 Vulgate;
1418 2586 1482 2619 but
1513 2586 1612 2627 here,
1643 2585 1799 2630 quoting
1830 2586 2011 2630 probably

345 2643 437 2676 from
468 2655 644 2687 memory,
671 2643 728 2677 his
759 2650 834 2677 text
865 2643 894 2677 is
920 2644 982 2678 the
1012 2655 1115 2678 same
1143 2655 1184 2677 as
1215 2644 1277 2677 the
1305 2643 1475 2688 partially
1494 2643 1639 2677 revised
1660 2644 1732 2677 Old
1763 2643 1870 2677 Latin
1893 2644 2013 2677 Codes¹

345 2701 557 2734 lxm-sanus
571 2701 626 2743 (f),
645 2705 680 2734 ct
695 2712 759 2745 ego
778 2712 844 2734 vos
873 2702 1093 2745 requiescere
1101 2701 1259 2746 fizciam,
1279 2701 1425 2735 instead
1451 2701 1492 2735 of
1515 2702 1578 2735 the
1597 2702 1757 2745 vulgate
1783 2706 1818 2734 et
1841 2713 1905 2746 ego
1932 2703 2010 2745 rest-

347 2759 440 2791 sl'am
460 2770 533 2792 vos.
588 2759 686 2792 Such
713 2758 741 2792 is
761 2760 823 2793 the
842 2770 928 2793 case
946 2760 1026 2794 also
1046 2759 1082 2793 in
1102 2760 1159 2794 his
1179 2760 1398 2805 adaptation
1419 2760 1460 2794 of
1473 2760 1579 2794 these
1599 2772 1687 2804 very
1707 2761 1827 2794 words
1847 2761 1882 2794 in
1903 2772 1931 2795 c.
1954 2771 2007 2804 29,

344 2820 379 2848 et
395 2817 470 2859 ipse
488 2821 529 2857 tc,
549 2820 593 2849 ut
608 2817 715 2859 dia-st,
739 2819 940 2862 requiscere
947 2819 1078 2863 fizcz'ct.
1130 2818 1226 2853 Vide
1245 2819 1462 2853 Additional
1485 2820 1595 2863 Note,
1616 2831 1649 2864 p.
1671 2830 1726 2863 92.

416 2874 428 2894 ²
458 2874 587 2908 Gildas
607 2876 648 2908 of
660 2875 823 2910 himself.
876 2878 946 2911 See
966 2889 1016 2911 cc.
1038 2887 1064 2920 1,
1085 2877 1139 2920 36,
1160 2887 1214 2921 37,
1234 2878 1289 2920 62,
1308 2878 1363 2920 64,
1383 2888 1439 2921 93,
1464 2878 1535 2911 108.

415 2931 429 2953 ³
454 2933 643 2977 Although
665 2933 794 2968 Gildas
814 2934 971 2979 minglcs
990 2935 1047 2969 his
1066 2935 1333 2980 denunciatory
1347 2947 1518 2979 message
1538 2943 1575 2970 to
1594 2937 1655 2970 the
1674 2937 1743 2971 five
1762 2937 1907 2982 princes
1923 2937 2007 2972 with

347 2990 580 3025 affectionate
599 2992 750 3035 appcals
776 2993 832 3026 for
850 2993 995 3035 reform,
1015 3001 1074 3037 yet
1093 2994 1139 3028 he
1166 2994 1258 3028 ends
1277 2995 1369 3028 each
1388 3006 1560 3038 message
1580 2994 1665 3029 with
1684 2995 1803 3029 lavish
1822 2996 2007 3030 threaten-

349 3047 411 3092 ing
441 3048 482 3081 os
507 3049 567 3082 the
598 3055 777 3082 torments
805 3049 847 3083 of
872 3050 953 3084 hell.
1006 3051 1087 3084 The
1114 3051 1360 3095 appellations
1391 3051 1481 3085 used
1500 3051 1548 3095 by
1572 3051 1647 3084 him
1676 3051 1731 3085 for
1755 3052 1816 3086 the
1841 3053 1945 3096 place
1971 3053 2014 3086 of

349 3113 507 3140 tor-ment
527 3117 588 3140 are
607 3106 763 3150 inferno,
783 3118 824 3140 01·
841 3108 1043 3152 infernum,
1059 3109 1133 3143 and
1151 3113 1329 3144 tartarus.
1381 3109 1462 3143 The
1492 3108 1599 3143 Latin
1619 3109 1784 3144 versions
1804 3109 1878 3144 had
1897 3111 2007 3144 made

349 3164 409 3196 the
436 3164 571 3197 former
589 3163 688 3197 word
713 3164 871 3199 familiar
897 3167 1130 3210 everywhere
1157 3178 1197 3201 as
1223 3167 1286 3201 the
1312 3178 1422 3201 name
1447 3167 1502 3201 sor
1527 3166 1621 3201 “the
1640 3168 1785 3210 grave‚'’
1802 3179 1844 3201 or
1864 3168 2006 3212 Hades,

347 3221 408 3253 the
427 3221 546 3254 abode
566 3221 606 3255 of
620 3221 681 3255 the
704 3221 810 3255 dead.
866 3224 907 3257 In
927 3223 999 3257 this
1019 3235 1127 3258 sense
1146 3224 1173 3258 it
1191 3224 1220 3258 is
1240 3225 1301 3258 the
1320 3224 1531 3270 equivalent
1549 3225 1590 3258 of
1603 3225 1665 3259 the
1684 3225 1804 3269 plural
1823 3225 1946 3271 inseri,
1965 3237 2007 3261 as
