2214 3556
334 263 430 306 404
998 245 1044 290 V
1042 245 1113 290 ila
1143 245 1331 290 Gildae.

329 383 370 422 in
422 382 625 422 Carbana
681 381 804 428 valle,
853 381 926 433 qui
977 381 1237 420 monstravit
1286 380 1344 420 illi
1392 378 1661 419 laudabilem
1714 392 1990 430 campanam,

329 456 621 490 monstratam
662 450 845 502 accepit,
877 456 1107 501 acceptam
1131 462 1275 488 emere
1312 447 1450 488 voluit
1475 460 1638 499 magno
1671 447 1823 498 pretio,
1854 459 1987 498 quam

328 532 555 571 possessor
588 518 776 558 vendere
815 517 1003 557 nolebat.
1068 517 1239 557 Audito
1272 517 1464 556 adventu
1499 515 1658 556 Gildae
1689 515 1900 567 sapientis
1932 515 1988 554 ab

330 588 525 627 Arthuro
549 601 648 639 rege
670 594 713 626 et
747 586 1009 640 primatibus
1043 587 1179 626 totius
1214 585 1468 625 Britanniae
1502 584 1720 637 episcopis
1752 590 1796 622 et
1818 582 1987 622 abbati-

327 656 406 696 bus
429 662 730 696 convenerunt
766 654 1109 695 innumerabiles
1146 668 1203 693 ex
1238 654 1354 693 clero
1377 660 1419 693 et
1453 653 1630 705 populo,
1653 659 1701 692 ut
1740 651 1984 692 Arthurum
2031 670 2044 697 ς

328 724 608 773 pacificarent
650 738 706 764 ex
750 737 882 776 supra
924 723 1044 763 dicto
1081 722 1331 762 homicidio.
1409 722 1471 762 At
1506 721 1588 770 ille,
1630 722 1742 760 sicut
1784 720 1988 773 primitus

328 794 500 843 fecerat,
538 794 718 845 cognito
748 806 921 832 rumore
951 792 1006 832 de
1037 791 1160 832 obitu
1197 791 1340 831 fratris
1378 791 1559 830 indulsit
1587 791 1776 838 inimico,
1813 789 1986 829 veniam

327 861 569 915 postulanti
607 861 806 901 osculum
829 860 952 900 dedit
986 866 1029 900 et
1064 859 1384 912 benignissimo
1418 859 1567 898 animo
1601 858 1830 898 benedixit
1864 871 1988 897 oscu-

328 929 446 968 lanti.
502 928 601 967 Hoc
640 933 817 980 peracto
851 941 929 966 rex
956 925 1176 965 Arthurus
1213 925 1366 965 dolens
1389 932 1432 965 et
1470 925 1702 964 lacrimans
1740 924 1910 976 accepit
1932 923 1989 962 ab

327 997 546 1049 episcopis
565 996 845 1036 adstantibus
865 995 1184 1047 paenitentiam
1205 1000 1248 1034 et
1266 994 1520 1034 emendavit
1536 995 1578 1033 in
1602 1000 1816 1046 quantum
1833 992 1989 1044 potuit,
2010 1011 2046 1030 10

327 1067 468 1106 donec
492 1065 818 1105 consummavit
842 1064 989 1103 vitam.

419 1135 527 1174 Inde
556 1135 757 1187 egregius
781 1133 936 1174 Gildas
969 1133 1032 1172 vir
1058 1131 1265 1185 pacificus
1298 1138 1341 1171 et
1373 1131 1615 1171 catholicus
1637 1131 1775 1170 adivit
1789 1130 1987 1169 ‘Romam
2013 1139 2037 1183 7

329 1212 371 1245 et
408 1203 654 1257 apostolico
688 1204 919 1242 Romanae
956 1201 1168 1241 ecclesiae
1215 1200 1367 1240 tribuit
1400 1200 1672 1252 praedictam
1715 1211 1992 1250 campanam,

328 1287 440 1326 quae
476 1279 702 1312 commota
749 1286 773 1311 a
797 1271 1001 1311 manibus
1025 1269 1258 1323 apostolici
1298 1268 1466 1308 nullum
1505 1268 1700 1308 sonitum
1743 1266 1987 1307 emittebat.

332 1342 463 1383 Unde
486 1342 568 1382 hoc
588 1342 658 1381 ille
681 1341 834 1381 videns
859 1340 963 1380 talia
986 1339 1162 1379 dicebat
1183 1354 1190 1378 :
1228 1338 1264 1378 O
1287 1337 1358 1378 vir
1373 1337 1518 1377 dilecte
1535 1351 1561 1376 cz
1584 1337 1673 1376 Deo
1686 1342 1727 1375 et
1746 1335 1798 1375 ab
1815 1335 1992 1383 homine,
2010 1352 2046 1382 15

330 1412 468 1451 revela
498 1411 609 1451 milei
626 1410 742 1463 quod
767 1409 849 1449 tibi
880 1408 1060 1460 contzgz‘t
1099 1408 1144 1447 in
1182 1407 1334 1447 itinere
1367 1406 1417 1446 de
1452 1406 1532 1445 lzac
1542 1405 1867 1458 presentatione.
1931 1404 1992 1444 At

329 1481 398 1520 ille
447 1480 654 1520 revelavit
706 1479 1033 1519 sanctissimum
1073 1477 1299 1518 Cadocum
1346 1475 1732 1515 Nancarbanensis
1783 1473 1994 1513 ecclesiae

329 1550 536 1590 abbatem
579 1563 677 1588 eam
716 1547 906 1588 voluisse
947 1560 1104 1595 emere,
1137 1546 1213 1585 sed
1258 1559 1392 1598 quam
1436 1551 1617 1584 voverat
1658 1550 1814 1584 sancto
1862 1544 1992 1582 Petro

329 1618 532 1671 apostolo
568 1617 737 1666 offerre,
760 1616 938 1656 nolebat
974 1615 1174 1655 vendere.
1238 1614 1524 1666 Apostolicus
1559 1613 1625 1652 his
1658 1612 1817 1652 auditis
1850 1611 1992 1651 dixit:

329 1689 465 1728 Nosco
517 1686 726 1729 Cadocum
761 1685 1041 1725 venerabilem
1075 1683 1278 1731 abbatem,
1316 1682 1394 1734 qui
1425 1682 1573 1734 septies
1603 1681 1747 1721 adivit
1774 1680 1990 1719 civilatem
2011 1704 2049 1723 20

330 1758 459 1797 istam
481 1763 520 1797 et
541 1763 604 1796 ter
623 1755 915 1796 lerosolz’mam
930 1760 1030 1805 post
1046 1753 1240 1792 inmensa
1251 1751 1444 1803 pericula
1465 1757 1506 1790 et
1525 1750 1749 1790 assiduum
1772 1750 1955 1789 laborem
1971 1764 1989 1796 ,-

331 1833 512 1866 remenso
533 1832 572 1865 cl
597 1824 786 1876 cupienti
813 1823 965 1863 scabere
986 1829 1035 1862 ut
1062 1821 1134 1861 des
1154 1820 1332 1860 concedo.
1395 1819 1673 1859 Destinatum
1696 1824 1758 1857 est
1777 1818 1889 1857 enim
1914 1817 1991 1865 illi,

330 1903 378 1936 ut
420 1895 582 1943 habeat,
618 1907 670 1933 ex
697 1893 771 1932 lzoc
794 1891 1017 1944 praesenti
1045 1890 1261 1930 miraculo.
1343 1888 1497 1929 Gildas
1530 1889 1678 1940 itaque
1711 1887 1991 1926 benedictam

330 1978 592 2017 campanam
627 1963 791 2015 recepit
825 1968 868 2001 et
893 1974 1088 2001 reversus
1122 1967 1188 1999 est
1222 1966 1264 1998 et
1304 1964 1572 2010 reportatam
1610 1958 1776 1998 Sancto
1813 1956 1993 1996 Cadoco

332 2041 469 2093 gratis
489 2039 716 2091 impendit.
780 2038 980 2088 Recepta
1003 2049 1027 2074 a
1051 2034 1254 2074 manibus
1278 2032 1451 2072 abbatis
1475 2032 1667 2071 intonuit
1691 2030 1806 2070 illico
1821 2030 1993 2082 pulsata
2012 2048 2049 2076 25

333 2108 670 2150 ammirantibus
704 2106 883 2146 cunctis.
959 2104 1090 2145 Unde
1126 2102 1335 2143 remansit
1369 2101 1574 2141 omnibus
1612 2099 1890 2152 portantibus
1920 2112 1995 2151 per

334 2186 472 2219 totam
506 2177 710 2218 Gualiam
735 2190 813 2228 pro
837 2174 1005 2227 refugio
1037 2180 1079 2213 et
1103 2173 1373 2225 quicumque
1403 2184 1480 2223 per
1504 2170 1622 2209 illam
1649 2168 1800 2208 illicite
1823 2168 1995 2214 iuraret,

334 2255 410 2288 aut
433 2247 678 2300 privaretur
700 2246 875 2297 linguae
890 2244 1035 2283 officio
1053 2249 1128 2282 aut
1145 2241 1401 2281 malefactor
1424 2239 1634 2279 fateretur
1651 2252 1774 2278 suam
1795 2237 1993 2277 iniuriam

334 2317 555 2356 continuo.

423 2385 627 2425 Cadocus
694 2382 831 2422 abbas
891 2379 1276 2421 Nancarbanensis
1333 2377 1543 2417 ecclesiae
1594 2376 1764 2428 rogavit
1816 2374 1992 2415 Gildam
2018 2375 2044 2420 8

336 2455 576 2502 doctorem,
621 2459 668 2492 ut
711 2457 879 2504 regeret
925 2450 1120 2490 studium
1155 2447 1391 2488 scolarum1
1434 2460 1510 2500 per
1558 2446 1660 2486 anni
1708 2444 1913 2497 spatium,
1954 2450 1997 2483 et

406 2641 416 2661 ¹
447 2640 597 2675 Gz'ldrzm
616 2639 794 2672 doctorem
825 2663 831 2669 .
861 2663 867 2669 .
896 2663 901 2669 .
930 2634 1097 2668 sludz’mn
1124 2633 1319 2666 srolarltm.
1371 2631 1496 2664 These
1516 2629 1647 2670 words,
1668 2627 1786 2661 which
1806 2631 1995 2670 represent

338 2699 469 2733 Gildas
496 2710 536 2732 as
563 2710 584 2731 a
604 2697 763 2737 toacher,
783 2695 857 2728 and
885 2694 947 2727 the
966 2698 1180 2734 monastery
1198 2691 1239 2723 of
1261 2689 1485 2732 Llangarfan
1513 2698 1553 2721 as
1585 2698 1605 2720 a
1625 2686 1763 2725 school,
1792 2683 1935 2718 remind
1955 2693 1996 2716 us

337 2758 377 2791 of
403 2758 465 2791 the
484 2768 563 2790 new
591 2755 700 2789 order
731 2752 849 2786 which
874 2752 948 2785 had
975 2751 1100 2794 begun
1129 2749 1164 2782 in
1184 2749 1323 2789 VVales,
1356 2746 1536 2791 probably
1569 2744 1654 2778 with
1676 2743 1796 2777 Illtud.
1850 2743 1908 2775 On
1937 2741 1997 2775 the

340 2815 541 2850 Continent
560 2826 612 2848 we
632 2825 700 2847 can
720 2820 820 2846 trace
839 2811 900 2844 the
919 2809 1061 2853 history
1080 2808 1121 2841 of
1142 2808 1221 2841 that
1240 2805 1424 2840 universal
1445 2811 1582 2848 system
1610 2803 1651 2836 of
1665 2800 1863 2835 education
1882 2800 2000 2833 under

339 2875 431 2907 local
467 2871 697 2913 authorities,
732 2869 851 2902 which
887 2867 1030 2901 carried
1057 2877 1115 2907 on,
1152 2864 1242 2898 until
1278 2865 1339 2898 the
1367 2863 1445 2896 fifth
1481 2862 1554 2896 and
1587 2861 1682 2894 sixth
1714 2858 1909 2900 centuries,
1937 2858 1998 2891 the

341 2932 652 2965 Graeco-Roman
681 2927 843 2970 training
875 2927 915 2960 of
939 2925 1052 2969 youth
1085 2923 1120 2957 in
1151 2924 1198 2957 all
1235 2931 1345 2966 parts.
1398 2920 1547 2961 “Ainsi,
1567 2920 1661 2953 dans
1689 2918 1867 2962 quelques
1894 2915 1999 2949 villes

342 2987 595 3030 importantes,
610 2985 787 3027 quelques
807 2981 951 3016 chaires
966 2992 1011 3014 en
1025 2978 1115 3024 petit
1129 2978 1283 3012 nombre
1303 2977 1456 3010 fondees
1475 2983 1511 3009 et
1529 2974 1649 3008 doties
1671 2985 1736 3018 par
1755 2973 1888 3012 l’Etat;
1907 2971 2000 3004 dans

342 3050 462 3077 toutes
493 3043 544 3076 les
564 3049 697 3083 autres,
718 3038 940 3073 c’est-a-dire
960 3038 981 3071 ἒι
1000 3048 1070 3081 peu
1091 3036 1174 3080 pre's
1194 3035 1288 3068 dans
1320 3032 1482 3077 l'empire
1501 3031 1628 3073 entier,
1648 3031 1714 3064 des
1742 3030 1864 3063 e'eoles
1883 3035 2000 3062 entre-

342 3107 471 3134 tennes
487 3111 555 3132 :tux
569 3098 653 3132 frais
667 3098 732 3131 des
747 3094 1033 3140 municipalites3
1052 3091 1402 3135 teletaitle1·6gi111e
1417 3102 1503 3124 sous
1516 3089 1636 3134 lequel
1649 3100 1671 3122 a
1682 3088 1772 3122 νέω
1786 3086 2000 3130 l⁷enseigne-

344 3166 442 3191 ment
464 3156 585 3201 public
604 3156 771 3200 jusqu'au
794 3160 827 3198 52
847 3154 975 3188 siecle'’
995 3151 1187 3194 (Boissier,
1204 3152 1259 3184 La
1278 3150 1415 3183 Findu
1434 3149 1671 3192 Pagam'sme,
1692 3146 1713 3188 i,
1738 3146 1826 3188 196).
1878 3145 2002 3178 These

346 3215 544 3258 municipal
565 3214 712 3247 schools
733 3220 829 3246 must
854 3213 948 3245 have
967 3210 1109 3245 existed
1139 3209 1171 3242 in
1209 3208 1344 3242 Britain
1365 3221 1371 3245 ;
1399 3207 1460 3240 the
1479 3205 1596 3240 edicts
1624 3206 1665 3239 of
1690 3206 1797 3238 latest
1817 3204 1934 3242 dates,
1961 3213 2002 3234 as
