<?xml version="1.0" encoding="UTF-8"?>
<!DOCTYPE html PUBLIC "-//W3C//DTD XHTML 1.0 Transitional//EN"
    "http://www.w3.org/TR/xhtml1/DTD/xhtml1-transitional.dtd">
<html xmlns="http://www.w3.org/1999/xhtml" xml:lang="en" lang="en">
 <head>
  <title>
</title>
<meta http-equiv="Content-Type" content="text/html;charset=utf-8" />
  <meta name='ocr-system' content='tesseract 3.04.00' />
  <meta name='ocr-capabilities' content='ocr_page ocr_carea ocr_par ocr_line ocrx_word'/>
</head>
<body>
  <div class='ocr_page' id='page_1' title='image "./gildaedeexcidiob00gilduoft_0024.png"; bbox 0 0 2173 3556; ppageno 0'>
   <div class='ocr_carea' id='block_1_1' title="bbox 950 480 1217 526">
    <p class='ocr_par' dir='ltr' id='par_1_1' title="bbox 950 480 1217 526">
     <span class='ocr_line' id='line_1_1' title="bbox 950 480 1217 526; baseline 0 0"><span class='ocrx_word' id='word_1_1' title='bbox 950 480 1141 526; x_wconf 81' lang='lat' dir='ltr'><strong>PART</strong></span> <span class='ocrx_word' id='word_1_2' title='bbox 1183 480 1217 526; x_wconf 94' lang='lat' dir='ltr'>I.</span> 
     </span>
    </p>
   </div>
   <div class='ocr_carea' id='block_1_2' title="bbox 263 590 1922 986">
    <p class='ocr_par' dir='ltr' id='par_1_2' title="bbox 263 590 1922 986">
     <span class='ocr_line' id='line_1_2' title="bbox 263 590 1922 644; baseline -0.001 -12"><span class='ocrx_word' id='word_1_3' title='bbox 263 592 562 644; x_wconf 73' lang='lat' dir='ltr'>Prclz&#39;mz&#39;umy</span> <span class='ocrx_word' id='word_1_4' title='bbox 591 591 668 644; x_wconf 80' lang='lat' dir='ltr'>(cc.</span> <span class='ocrx_word' id='word_1_5' title='bbox 710 591 830 644; x_wconf 83' lang='lat'><strong>3-26)</strong></span> <span class='ocrx_word' id='word_1_6' title='bbox 846 606 860 632; x_wconf 92' lang='lat'>.·</span> <span class='ocrx_word' id='word_1_7' title='bbox 903 590 1172 643; x_wconf 76' lang='lat' dir='ltr'>Descrz&#39;ption</span> <span class='ocrx_word' id='word_1_8' title='bbox 1209 591 1263 642; x_wconf 82' lang='lat' dir='ltr'>of</span> <span class='ocrx_word' id='word_1_9' title='bbox 1285 590 1474 639; x_wconf 74' lang='lat' dir='ltr'>Britain,</span> <span class='ocrx_word' id='word_1_10' title='bbox 1513 590 1747 632; x_wconf 61' lang='lat' dir='ltr'>Charaeta»</span> <span class='ocrx_word' id='word_1_11' title='bbox 1784 592 1838 642; x_wconf 82' lang='lat' dir='ltr'>of</span> <span class='ocrx_word' id='word_1_12' title='bbox 1864 591 1922 630; x_wconf 80' lang='lat' dir='ltr'>ils</span> 
     </span>
     <span class='ocr_line' id='line_1_3' title="bbox 380 658 1921 713; baseline -0.002 -12"><span class='ocrx_word' id='word_1_13' title='bbox 380 662 528 713; x_wconf 74' lang='lat' dir='ltr'>Pcople</span> <span class='ocrx_word' id='word_1_14' title='bbox 544 677 561 708; x_wconf 88' lang='lat'>,·</span> <span class='ocrx_word' id='word_1_15' title='bbox 601 660 899 712; x_wconf 73' lang='lat' dir='ltr'>Introductory</span> <span class='ocrx_word' id='word_1_16' title='bbox 930 658 1152 700; x_wconf 75' lang='lat' dir='ltr'><em>narrative</em></span> <span class='ocrx_word' id='word_1_17' title='bbox 1184 659 1236 710; x_wconf 74' lang='lat' dir='ltr'>(ff</span> <span class='ocrx_word' id='word_1_18' title='bbox 1256 665 1408 707; x_wconf 80' lang='lat' dir='ltr'>events,</span> <span class='ocrx_word' id='word_1_19' title='bbox 1439 659 1671 711; x_wconf 70' lang='lat' dir='ltr'>extending</span> <span class='ocrx_word' id='word_1_20' title='bbox 1696 659 1820 710; x_wconf 81' lang='lat' dir='ltr'>from</span> <span class='ocrx_word' id='word_1_21' title='bbox 1853 659 1921 699; x_wconf 76' lang='lat' dir='ltr'>tlze</span> 
     </span>
     <span class='ocr_line' id='line_1_4' title="bbox 380 727 1920 779; baseline -0.002 -10"><span class='ocrx_word' id='word_1_22' title='bbox 380 730 502 770; x_wconf 74' lang='lat' dir='ltr'>First</span> <span class='ocrx_word' id='word_1_23' title='bbox 531 729 751 770; x_wconf 74' lang='lat' dir='ltr'>Parthian</span> <span class='ocrx_word' id='word_1_24' title='bbox 774 729 907 769; x_wconf 73' lang='lat' dir='ltr'>Pence</span> <span class='ocrx_word' id='word_1_25' title='bbox 937 728 1030 768; x_wconf 79' lang='lat' dir='ltr'>and</span> <span class='ocrx_word' id='word_1_26' title='bbox 1057 727 1124 768; x_wconf 75' lang='lat' dir='ltr'>tlte</span> <span class='ocrx_word' id='word_1_27' title='bbox 1155 727 1196 767; x_wconf 82' lang='lat' dir='ltr'><em>R</em></span> <span class='ocrx_word' id='word_1_28' title='bbox 1200 741 1326 767; x_wconf 79' lang='lat' dir='ltr'>oman</span> <span class='ocrx_word' id='word_1_29' title='bbox 1357 727 1590 779; x_wconf 33' lang='lat' dir='ltr'>est-pedition</span> <span class='ocrx_word' id='word_1_30' title='bbox 1623 727 1712 767; x_wconf 76' lang='lat' dir='ltr'>into</span> <span class='ocrx_word' id='word_1_31' title='bbox 1743 727 1920 767; x_wconf 69' lang='lat' dir='ltr'>Britain</span> 
     </span>
     <span class='ocr_line' id='line_1_5' title="bbox 383 795 1918 849; baseline -0.002 -11"><span class='ocrx_word' id='word_1_32' title='bbox 383 798 519 838; x_wconf 65' lang='lat' dir='ltr'>wln&#39;cla</span> <span class='ocrx_word' id='word_1_33' title='bbox 537 797 750 849; x_wconf 67' lang='lat' dir='ltr'>sollotc&#39;cd</span> <span class='ocrx_word' id='word_1_34' title='bbox 767 798 812 846; x_wconf 78' lang='lat' dir='ltr'>it,</span> <span class='ocrx_word' id='word_1_35' title='bbox 844 803 884 837; x_wconf 77' lang='lat' dir='ltr'>lo</span> <span class='ocrx_word' id='word_1_36' title='bbox 907 796 975 837; x_wconf 69' lang='lat' dir='ltr'>Ille</span> <span class='ocrx_word' id='word_1_37' title='bbox 1007 797 1192 836; x_wconf 66' lang='lat' dir='ltr'>zcrritcr&#39;s</span> <span class='ocrx_word' id='word_1_38' title='bbox 1223 810 1318 835; x_wconf 71' lang='lat' dir='ltr'>own</span> <span class='ocrx_word' id='word_1_39' title='bbox 1351 795 1581 847; x_wconf 79' lang='lat' dir='ltr'>lz&#39;71le(A.D.</span> <span class='ocrx_word' id='word_1_40' title='bbox 1611 805 1781 846; x_wconf 85' lang='lat' dir='ltr'>117—c.</span> <span class='ocrx_word' id='word_1_41' title='bbox 1809 796 1918 848; x_wconf 79' lang='lat'>540).</span> 
     </span>
     <span class='ocr_line' id='line_1_6' title="bbox 384 863 1920 918; baseline -0.002 -12"><span class='ocrx_word' id='word_1_42' title='bbox 384 867 608 918; x_wconf 74' lang='lat' dir='ltr'>Referencc</span> <span class='ocrx_word' id='word_1_43' title='bbox 631 873 670 906; x_wconf 78' lang='lat' dir='ltr'>lo</span> <span class='ocrx_word' id='word_1_44' title='bbox 699 865 766 905; x_wconf 73' lang='lat' dir='ltr'>tlte</span> <span class='ocrx_word' id='word_1_45' title='bbox 787 865 872 905; x_wconf 72' lang='lat' dir='ltr'>rz&#39;se</span> <span class='ocrx_word' id='word_1_46' title='bbox 892 865 945 916; x_wconf 83' lang='lat' dir='ltr'>of</span> <span class='ocrx_word' id='word_1_47' title='bbox 959 864 1245 916; x_wconf 54' lang='lat' dir='ltr'>Cllrzlvtianicjy</span> <span class='ocrx_word' id='word_1_48' title='bbox 1267 864 1359 903; x_wconf 80' lang='lat' dir='ltr'>and</span> <span class='ocrx_word' id='word_1_49' title='bbox 1375 863 1432 903; x_wconf 74' lang='lat' dir='ltr'>ils</span> <span class='ocrx_word' id='word_1_50' title='bbox 1452 869 1653 915; x_wconf 76' lang='lat' dir='ltr'>progress</span> <span class='ocrx_word' id='word_1_51' title='bbox 1674 863 1719 902; x_wconf 76' lang='lat' dir='ltr'>in</span> <span class='ocrx_word' id='word_1_52' title='bbox 1742 863 1920 903; x_wconf 73' lang='lat' dir='ltr'>Britain</span> 
     </span>
     <span class='ocr_line' id='line_1_7' title="bbox 385 933 825 986; baseline -0.002 -12"><span class='ocrx_word' id='word_1_53' title='bbox 385 933 577 974; x_wconf 70' lang='lat' dir='ltr'>inserted</span> <span class='ocrx_word' id='word_1_54' title='bbox 593 937 670 986; x_wconf 87' lang='lat' dir='ltr'>(cc.</span> <span class='ocrx_word' id='word_1_55' title='bbox 693 943 737 985; x_wconf 86' lang='lat'>7-</span> <span class='ocrx_word' id='word_1_56' title='bbox 748 945 759 973; x_wconf 85' lang='grc' dir='ltr'>Ι</span> <span class='ocrx_word' id='word_1_57' title='bbox 772 933 825 986; x_wconf 86' lang='lat'>2).</span> 
     </span>
    </p>
   </div>
   <div class='ocr_carea' id='block_1_3' title="bbox 263 1031 1921 1138">
    <p class='ocr_par' dir='ltr' id='par_1_3' title="bbox 263 1031 1921 1138">
     <span class='ocr_line' id='line_1_8' title="bbox 333 1031 1921 1080; baseline -0.003 -11"><span class='ocrx_word' id='word_1_58' title='bbox 333 1034 430 1080; x_wconf 87' lang='lat' dir='ltr'>[The</span> <span class='ocrx_word' id='word_1_59' title='bbox 449 1034 674 1079; x_wconf 83' lang='lat' dir='ltr'>Cambridge</span> <span class='ocrx_word' id='word_1_60' title='bbox 695 1035 774 1068; x_wconf 88' lang='lat' dir='ltr'>MS.</span> <span class='ocrx_word' id='word_1_61' title='bbox 795 1034 974 1078; x_wconf 88' lang='lat' dir='ltr'>(Century</span> <span class='ocrx_word' id='word_1_62' title='bbox 993 1033 1088 1078; x_wconf 84' lang='lat' dir='ltr'>X111)</span> <span class='ocrx_word' id='word_1_63' title='bbox 1106 1032 1239 1067; x_wconf 89' lang='lat' dir='ltr'>inserts</span> <span class='ocrx_word' id='word_1_64' title='bbox 1265 1033 1353 1067; x_wconf 92' lang='lat' dir='ltr'>here</span> <span class='ocrx_word' id='word_1_65' title='bbox 1378 1032 1441 1067; x_wconf 89' lang='lat' dir='ltr'>the</span> <span class='ocrx_word' id='word_1_66' title='bbox 1464 1031 1653 1077; x_wconf 83' lang='lat' dir='ltr'>following</span> <span class='ocrx_word' id='word_1_67' title='bbox 1679 1043 1867 1076; x_wconf 89' lang='lat' dir='ltr'>summary</span> <span class='ocrx_word' id='word_1_68' title='bbox 1885 1037 1921 1065; x_wconf 80' lang='lat'>01</span> 
     </span>
     <span class='ocr_line' id='line_1_9' title="bbox 263 1092 853 1138; baseline -0.003 -10"><span class='ocrx_word' id='word_1_69' title='bbox 263 1094 325 1128; x_wconf 92' lang='lat' dir='ltr'>the</span> <span class='ocrx_word' id='word_1_70' title='bbox 345 1100 423 1138; x_wconf 87' lang='lat' dir='ltr'>part</span> <span class='ocrx_word' id='word_1_71' title='bbox 444 1093 615 1128; x_wconf 83' lang='lat' dir='ltr'>included</span> <span class='ocrx_word' id='word_1_72' title='bbox 634 1092 669 1126; x_wconf 92' lang='lat' dir='ltr'>in</span> <span class='ocrx_word' id='word_1_73' title='bbox 689 1104 739 1127; x_wconf 88' lang='lat' dir='ltr'>cc.</span> <span class='ocrx_word' id='word_1_74' title='bbox 761 1093 853 1136; x_wconf 82' lang='lat'>3-26.</span> 
     </span>
    </p>
   </div>
   <div class='ocr_carea' id='block_1_4' title="bbox 656 1169 1534 1209">
    <p class='ocr_par' dir='ltr' id='par_1_4' title="bbox 656 1169 1534 1209">
     <span class='ocr_line' id='line_1_10' title="bbox 656 1169 1534 1209; baseline -0.002 -5"><span class='ocrx_word' id='word_1_75' title='bbox 656 1171 879 1204; x_wconf 76' lang='lat' dir='ltr'>INCIPIUNT</span> <span class='ocrx_word' id='word_1_76' title='bbox 907 1170 1118 1204; x_wconf 82' lang='lat' dir='ltr'>CAPITULA</span> <span class='ocrx_word' id='word_1_77' title='bbox 1146 1176 1256 1202; x_wconf 83' lang='lat' dir='ltr'>LIBRI</span> <span class='ocrx_word' id='word_1_78' title='bbox 1286 1169 1534 1209; x_wconf 81' lang='lat' dir='ltr'>SEQUENTIS.</span> 
     </span>
    </p>
   </div>
   <div class='ocr_carea' id='block_1_5' title="bbox 262 1234 1931 3245">
    <p class='ocr_par' dir='ltr' id='par_1_5' title="bbox 262 1234 1923 1570">
     <span class='ocr_line' id='line_1_11' title="bbox 336 1234 1923 1284; baseline -0.002 -11"><span class='ocrx_word' id='word_1_79' title='bbox 336 1238 552 1284; x_wconf 71' lang='lat' dir='ltr'><em>Capitulum</em></span> <span class='ocrx_word' id='word_1_80' title='bbox 580 1238 609 1273; x_wconf 89' lang='lat' dir='ltr'>I.</span> <span class='ocrx_word' id='word_1_81' title='bbox 654 1237 869 1282; x_wconf 80' lang='lat' dir='ltr'><strong>Descriptio</strong></span> <span class='ocrx_word' id='word_1_82' title='bbox 897 1236 1112 1271; x_wconf 82' lang='lat' dir='ltr'>Britanniae</span> <span class='ocrx_word' id='word_1_83' title='bbox 1146 1235 1288 1270; x_wconf 88' lang='lat' dir='ltr'>insulae</span> <span class='ocrx_word' id='word_1_84' title='bbox 1322 1242 1356 1269; x_wconf 93' lang='lat' dir='ltr'>et</span> <span class='ocrx_word' id='word_1_85' title='bbox 1392 1234 1492 1280; x_wconf 90' lang='lat' dir='ltr'>quod</span> <span class='ocrx_word' id='word_1_86' title='bbox 1534 1234 1595 1269; x_wconf 88' lang='lat' dir='ltr'>illa</span> <span class='ocrx_word' id='word_1_87' title='bbox 1628 1234 1755 1270; x_wconf 84' lang='lat' dir='ltr'>divina</span> <span class='ocrx_word' id='word_1_88' title='bbox 1786 1241 1923 1270; x_wconf 86' lang='lat' dir='ltr'>statera</span> 
     </span>
     <span class='ocr_line' id='line_1_12' title="bbox 263 1291 1922 1340; baseline -0.003 -9"><span class='ocrx_word' id='word_1_89' title='bbox 263 1304 381 1331; x_wconf 88' lang='lat' dir='ltr'>terrae</span> <span class='ocrx_word' id='word_1_90' title='bbox 415 1295 525 1330; x_wconf 89' lang='lat' dir='ltr'>totius</span> <span class='ocrx_word' id='word_1_91' title='bbox 560 1295 817 1340; x_wconf 81' lang='lat' dir='ltr'>ponderatrice</span> <span class='ocrx_word' id='word_1_92' title='bbox 851 1294 897 1329; x_wconf 89' lang='lat' dir='ltr'>sit</span> <span class='ocrx_word' id='word_1_93' title='bbox 931 1294 1074 1337; x_wconf 83' lang='lat' dir='ltr'>librata,</span> <span class='ocrx_word' id='word_1_94' title='bbox 1110 1294 1156 1328; x_wconf 88' lang='lat' dir='ltr'>de</span> <span class='ocrx_word' id='word_1_95' title='bbox 1190 1292 1268 1327; x_wconf 89' lang='lat' dir='ltr'>eius</span> <span class='ocrx_word' id='word_1_96' title='bbox 1303 1292 1385 1336; x_wconf 86' lang='lat' dir='ltr'>situ,</span> <span class='ocrx_word' id='word_1_97' title='bbox 1420 1292 1549 1326; x_wconf 87' lang='lat' dir='ltr'>habitu</span> <span class='ocrx_word' id='word_1_98' title='bbox 1588 1298 1624 1326; x_wconf 92' lang='lat' dir='ltr'>et</span> <span class='ocrx_word' id='word_1_99' title='bbox 1659 1291 1848 1337; x_wconf 80' lang='lat' dir='ltr'>qualitate,</span> <span class='ocrx_word' id='word_1_100' title='bbox 1875 1293 1922 1326; x_wconf 88' lang='lat' dir='ltr'>de</span> 
     </span>
     <span class='ocr_line' id='line_1_13' title="bbox 264 1349 1920 1399; baseline -0.003 -10"><span class='ocrx_word' id='word_1_101' title='bbox 264 1354 488 1390; x_wconf 88' lang='lat' dir='ltr'>amoenitate</span> <span class='ocrx_word' id='word_1_102' title='bbox 503 1361 537 1388; x_wconf 89' lang='lat' dir='ltr'>et</span> <span class='ocrx_word' id='word_1_103' title='bbox 557 1353 813 1399; x_wconf 81' lang='lat' dir='ltr'>pulcritudine,</span> <span class='ocrx_word' id='word_1_104' title='bbox 833 1353 879 1388; x_wconf 92' lang='lat' dir='ltr'>de</span> <span class='ocrx_word' id='word_1_105' title='bbox 898 1352 1085 1387; x_wconf 84' lang='lat' dir='ltr'>fertilitate</span> <span class='ocrx_word' id='word_1_106' title='bbox 1103 1359 1138 1386; x_wconf 87' lang='lat' dir='ltr'>et</span> <span class='ocrx_word' id='word_1_107' title='bbox 1157 1352 1336 1394; x_wconf 84' lang='lat' dir='ltr'>ubertate,</span> <span class='ocrx_word' id='word_1_108' title='bbox 1351 1351 1398 1385; x_wconf 92' lang='lat' dir='ltr'>de</span> <span class='ocrx_word' id='word_1_109' title='bbox 1410 1349 1642 1395; x_wconf 84' lang='lat' dir='ltr'>longitudine</span> <span class='ocrx_word' id='word_1_110' title='bbox 1660 1357 1695 1385; x_wconf 89' lang='lat' dir='ltr'>et</span> <span class='ocrx_word' id='word_1_111' title='bbox 1714 1350 1920 1393; x_wconf 85' lang='lat' dir='ltr'>latitudine,</span> 
     </span>
     <span class='ocr_line' id='line_1_14' title="bbox 264 1405 1919 1454; baseline -0.002 -10"><span class='ocrx_word' id='word_1_112' title='bbox 264 1411 310 1445; x_wconf 91' lang='lat' dir='ltr'>de</span> <span class='ocrx_word' id='word_1_113' title='bbox 342 1409 551 1444; x_wconf 72' lang='lat' dir='ltr'>civitatibus</span> <span class='ocrx_word' id='word_1_114' title='bbox 594 1409 755 1454; x_wconf 74' lang='lat' dir='ltr'>antiquis</span> <span class='ocrx_word' id='word_1_115' title='bbox 785 1415 820 1443; x_wconf 91' lang='lat' dir='ltr'>et</span> <span class='ocrx_word' id='word_1_116' title='bbox 854 1408 1068 1443; x_wconf 88' lang='lat' dir='ltr'>fluminibus</span> <span class='ocrx_word' id='word_1_117' title='bbox 1098 1406 1316 1452; x_wconf 75' lang='lat' dir='ltr'>praecipuis,</span> <span class='ocrx_word' id='word_1_118' title='bbox 1348 1407 1394 1441; x_wconf 89' lang='lat' dir='ltr'>de</span> <span class='ocrx_word' id='word_1_119' title='bbox 1429 1406 1515 1441; x_wconf 87' lang='lat' dir='ltr'>rivis</span> <span class='ocrx_word' id='word_1_120' title='bbox 1550 1405 1744 1451; x_wconf 89' lang='lat' dir='ltr'>pernitidis</span> <span class='ocrx_word' id='word_1_121' title='bbox 1773 1413 1809 1441; x_wconf 91' lang='lat' dir='ltr'>et</span> <span class='ocrx_word' id='word_1_122' title='bbox 1845 1406 1919 1440; x_wconf 89' lang='lat' dir='ltr'>leni</span> 
     </span>
     <span class='ocr_line' id='line_1_15' title="bbox 263 1464 1922 1512; baseline -0.002 -10"><span class='ocrx_word' id='word_1_123' title='bbox 263 1480 449 1502; x_wconf 87' lang='lat' dir='ltr'>murmure</span> <span class='ocrx_word' id='word_1_124' title='bbox 475 1467 720 1512; x_wconf 78' lang='lat' dir='ltr'>serpentibus,</span> <span class='ocrx_word' id='word_1_125' title='bbox 739 1467 785 1501; x_wconf 88' lang='lat' dir='ltr'>de</span> <span class='ocrx_word' id='word_1_126' title='bbox 813 1466 945 1501; x_wconf 87' lang='lat' dir='ltr'>lucidis</span> <span class='ocrx_word' id='word_1_127' title='bbox 972 1466 1136 1500; x_wconf 87' lang='lat' dir='ltr'>fontibus</span> <span class='ocrx_word' id='word_1_128' title='bbox 1167 1472 1202 1500; x_wconf 92' lang='lat' dir='ltr'>et</span> <span class='ocrx_word' id='word_1_129' title='bbox 1233 1464 1406 1510; x_wconf 88' lang='lat' dir='ltr'>congruis</span> <span class='ocrx_word' id='word_1_130' title='bbox 1436 1464 1654 1499; x_wconf 86' lang='lat' dir='ltr'>animalium</span> <span class='ocrx_word' id='word_1_131' title='bbox 1675 1464 1856 1510; x_wconf 86' lang='lat' dir='ltr'>pastibus,</span> <span class='ocrx_word' id='word_1_132' title='bbox 1876 1465 1922 1498; x_wconf 87' lang='lat' dir='ltr'>de</span> 
     </span>
     <span class='ocr_line' id='line_1_16' title="bbox 262 1523 1174 1570; baseline -0.002 -11"><span class='ocrx_word' id='word_1_133' title='bbox 262 1525 402 1570; x_wconf 77' lang='lat' dir='ltr'>frigidis</span> <span class='ocrx_word' id='word_1_134' title='bbox 421 1526 574 1559; x_wconf 85' lang='lat' dir='ltr'>lacubus</span> <span class='ocrx_word' id='word_1_135' title='bbox 594 1531 629 1559; x_wconf 86' lang='lat' dir='ltr'>et</span> <span class='ocrx_word' id='word_1_136' title='bbox 648 1524 871 1559; x_wconf 85' lang='lat' dir='ltr'>torrentibus</span> <span class='ocrx_word' id='word_1_137' title='bbox 890 1523 1174 1559; x_wconf 82' lang='lat' dir='ltr'>exundantibus.</span> 
     </span>
    </p>

    <p class='ocr_par' dir='ltr' id='par_1_6' title="bbox 332 1580 1920 1626">
     <span class='ocr_line' id='line_1_17' title="bbox 332 1580 1920 1626; baseline -0.002 -9"><span class='ocrx_word' id='word_1_138' title='bbox 332 1584 383 1617; x_wconf 88' lang='lat' dir='ltr'>ll.</span> <span class='ocrx_word' id='word_1_139' title='bbox 414 1585 471 1617; x_wconf 90' lang='lat' dir='ltr'>De</span> <span class='ocrx_word' id='word_1_140' title='bbox 490 1582 603 1617; x_wconf 88' lang='lat' dir='ltr'>nimia</span> <span class='ocrx_word' id='word_1_141' title='bbox 622 1582 817 1626; x_wconf 83' lang='lat' dir='ltr'>tyrannide</span> <span class='ocrx_word' id='word_1_142' title='bbox 836 1581 1095 1626; x_wconf 83' lang='lat' dir='ltr'>indigenarum</span> <span class='ocrx_word' id='word_1_143' title='bbox 1117 1588 1152 1616; x_wconf 90' lang='lat' dir='ltr'>et</span> <span class='ocrx_word' id='word_1_144' title='bbox 1179 1580 1396 1615; x_wconf 85' lang='lat' dir='ltr'>crudelitate</span> <span class='ocrx_word' id='word_1_145' title='bbox 1421 1580 1639 1615; x_wconf 85' lang='lat' dir='ltr'>saevissima</span> <span class='ocrx_word' id='word_1_146' title='bbox 1657 1581 1920 1625; x_wconf 83' lang='lat' dir='ltr'>ydolatrarum.</span> 
     </span>
    </p>

    <p class='ocr_par' dir='ltr' id='par_1_7' title="bbox 264 1638 1921 1731">
     <span class='ocr_line' id='line_1_18' title="bbox 333 1638 1921 1684; baseline -0.001 -9"><span class='ocrx_word' id='word_1_147' title='bbox 333 1642 408 1675; x_wconf 76' lang='grc' dir='ltr'>[Π.</span> <span class='ocrx_word' id='word_1_148' title='bbox 437 1642 559 1684; x_wconf 86' lang='lat' dir='ltr'>Quam</span> <span class='ocrx_word' id='word_1_149' title='bbox 583 1641 712 1675; x_wconf 87' lang='lat' dir='ltr'>dolose</span> <span class='ocrx_word' id='word_1_150' title='bbox 732 1639 890 1674; x_wconf 84' lang='lat' dir='ltr'>Romani</span> <span class='ocrx_word' id='word_1_151' title='bbox 918 1639 1089 1674; x_wconf 84' lang='lat' dir='ltr'>Britones</span> <span class='ocrx_word' id='word_1_152' title='bbox 1116 1639 1185 1674; x_wconf 84' lang='lat' dir='ltr'>sibi</span> <span class='ocrx_word' id='word_1_153' title='bbox 1213 1638 1426 1683; x_wconf 86' lang='lat' dir='ltr'>subegerint</span> <span class='ocrx_word' id='word_1_154' title='bbox 1450 1646 1485 1674; x_wconf 92' lang='lat' dir='ltr'>et</span> <span class='ocrx_word' id='word_1_155' title='bbox 1504 1651 1616 1684; x_wconf 89' lang='lat' dir='ltr'>quam</span> <span class='ocrx_word' id='word_1_156' title='bbox 1635 1639 1811 1673; x_wconf 88' lang='lat' dir='ltr'>bellicose</span> <span class='ocrx_word' id='word_1_157' title='bbox 1831 1639 1921 1684; x_wconf 90' lang='lat' dir='ltr'>ipsis</span> 
     </span>
     <span class='ocr_line' id='line_1_19' title="bbox 264 1696 687 1731; baseline -0.002 0"><span class='ocrx_word' id='word_1_158' title='bbox 264 1697 400 1731; x_wconf 85' lang='lat' dir='ltr'>diutius</span> <span class='ocrx_word' id='word_1_159' title='bbox 419 1696 687 1731; x_wconf 82' lang='lat' dir='ltr'>reluctaverint.</span> 
     </span>
    </p>

    <p class='ocr_par' dir='ltr' id='par_1_8' title="bbox 264 1752 1923 1915">
     <span class='ocr_line' id='line_1_20' title="bbox 334 1752 1923 1799; baseline -0.002 -10"><span class='ocrx_word' id='word_1_160' title='bbox 334 1756 430 1789; x_wconf 83' lang='lat' dir='ltr'><em>llll.</em></span> <span class='ocrx_word' id='word_1_161' title='bbox 460 1755 659 1798; x_wconf 84' lang='lat' dir='ltr'>Quomodo</span> <span class='ocrx_word' id='word_1_162' title='bbox 687 1753 846 1788; x_wconf 88' lang='lat' dir='ltr'>Romani</span> <span class='ocrx_word' id='word_1_163' title='bbox 876 1760 1064 1799; x_wconf 87' lang='lat' dir='ltr'>postremo</span> <span class='ocrx_word' id='word_1_164' title='bbox 1094 1752 1308 1787; x_wconf 86' lang='lat' dir='ltr'>Britonibus</span> <span class='ocrx_word' id='word_1_165' title='bbox 1338 1752 1572 1797; x_wconf 85' lang='lat' dir='ltr'>praepositos</span> <span class='ocrx_word' id='word_1_166' title='bbox 1591 1752 1793 1797; x_wconf 85' lang='lat' dir='ltr'>vectigales</span> <span class='ocrx_word' id='word_1_167' title='bbox 1820 1764 1923 1797; x_wconf 87' lang='lat' dir='ltr'>prae-</span> 
     </span>
     <span class='ocr_line' id='line_1_21' title="bbox 264 1810 1923 1856; baseline -0.002 -9"><span class='ocrx_word' id='word_1_168' title='bbox 264 1813 427 1856; x_wconf 81' lang='lat' dir='ltr'>fecerint,</span> <span class='ocrx_word' id='word_1_169' title='bbox 454 1812 504 1847; x_wconf 90' lang='lat' dir='ltr'>ita</span> <span class='ocrx_word' id='word_1_170' title='bbox 538 1819 576 1847; x_wconf 90' lang='lat' dir='ltr'>ut</span> <span class='ocrx_word' id='word_1_171' title='bbox 611 1824 684 1846; x_wconf 89' lang='lat' dir='ltr'>non</span> <span class='ocrx_word' id='word_1_172' title='bbox 721 1811 924 1855; x_wconf 82' lang='lat' dir='ltr'>Britannia,</span> <span class='ocrx_word' id='word_1_173' title='bbox 960 1812 1026 1846; x_wconf 81' lang='lat' dir='ltr'>secl</span> <span class='ocrx_word' id='word_1_174' title='bbox 1062 1811 1248 1845; x_wconf 83' lang='lat' dir='ltr'>Romania</span> <span class='ocrx_word' id='word_1_175' title='bbox 1276 1810 1396 1845; x_wconf 86' lang='lat' dir='ltr'>insula</span> <span class='ocrx_word' id='word_1_176' title='bbox 1430 1817 1653 1854; x_wconf 88' lang='lat' dir='ltr'>censeretur,</span> <span class='ocrx_word' id='word_1_177' title='bbox 1685 1817 1721 1845; x_wconf 93' lang='lat' dir='ltr'>et</span> <span class='ocrx_word' id='word_1_178' title='bbox 1747 1810 1923 1856; x_wconf 87' lang='lat' dir='ltr'>quicquid</span> 
     </span>
     <span class='ocr_line' id='line_1_22' title="bbox 264 1868 1711 1915; baseline 0 -11"><span class='ocrx_word' id='word_1_179' title='bbox 264 1871 402 1905; x_wconf 87' lang='lat' dir='ltr'>habere</span> <span class='ocrx_word' id='word_1_180' title='bbox 421 1870 600 1915; x_wconf 80' lang='lat' dir='ltr'>potuisset</span> <span class='ocrx_word' id='word_1_181' title='bbox 619 1870 714 1904; x_wconf 88' lang='lat' dir='ltr'>aeris</span> <span class='ocrx_word' id='word_1_182' title='bbox 733 1877 767 1904; x_wconf 90' lang='lat' dir='ltr'>et</span> <span class='ocrx_word' id='word_1_183' title='bbox 787 1869 929 1914; x_wconf 83' lang='lat' dir='ltr'>argenti</span> <span class='ocrx_word' id='word_1_184' title='bbox 949 1871 1006 1904; x_wconf 78' lang='lat' dir='ltr'>vel</span> <span class='ocrx_word' id='word_1_185' title='bbox 1032 1869 1120 1913; x_wconf 89' lang='lat' dir='ltr'>auri,</span> <span class='ocrx_word' id='word_1_186' title='bbox 1140 1868 1302 1913; x_wconf 83' lang='lat' dir='ltr'>imagine</span> <span class='ocrx_word' id='word_1_187' title='bbox 1323 1869 1494 1903; x_wconf 83' lang='lat' dir='ltr'>Caesaris</span> <span class='ocrx_word' id='word_1_188' title='bbox 1512 1875 1711 1904; x_wconf 88' lang='lat' dir='ltr'>notaretur.</span> 
     </span>
    </p>

    <p class='ocr_par' dir='ltr' id='par_1_9' title="bbox 265 1926 1924 2021">
     <span class='ocr_line' id='line_1_23' title="bbox 344 1926 1924 1972; baseline 0 -11"><span class='ocrx_word' id='word_1_189' title='bbox 344 1929 378 1962; x_wconf 79' lang='lat' dir='ltr'>V.</span> <span class='ocrx_word' id='word_1_190' title='bbox 409 1929 491 1971; x_wconf 88' lang='lat' dir='ltr'>Quo</span> <span class='ocrx_word' id='word_1_191' title='bbox 510 1935 677 1972; x_wconf 84' lang='lat' dir='ltr'>tempore</span> <span class='ocrx_word' id='word_1_192' title='bbox 697 1927 866 1962; x_wconf 87' lang='lat' dir='ltr'>Christus</span> <span class='ocrx_word' id='word_1_193' title='bbox 890 1927 925 1962; x_wconf 89' lang='lat' dir='ltr'>in</span> <span class='ocrx_word' id='word_1_194' title='bbox 950 1928 1129 1962; x_wconf 87' lang='lat' dir='ltr'>mundum</span> <span class='ocrx_word' id='word_1_195' title='bbox 1149 1926 1290 1962; x_wconf 83' lang='lat' dir='ltr'>venerit</span> <span class='ocrx_word' id='word_1_196' title='bbox 1316 1934 1351 1962; x_wconf 90' lang='lat' dir='ltr'>et</span> <span class='ocrx_word' id='word_1_197' title='bbox 1371 1934 1511 1972; x_wconf 87' lang='lat' dir='ltr'>quanta</span> <span class='ocrx_word' id='word_1_198' title='bbox 1528 1927 1738 1972; x_wconf 90' lang='lat' dir='ltr'>persecutio</span> <span class='ocrx_word' id='word_1_199' title='bbox 1756 1934 1924 1972; x_wconf 86' lang='lat' dir='ltr'>tempore</span> 
     </span>
     <span class='ocr_line' id='line_1_24' title="bbox 265 1985 704 2021; baseline -0.002 -1"><span class='ocrx_word' id='word_1_200' title='bbox 265 1986 485 2021; x_wconf 83' lang='lat' dir='ltr'>Diocliciani</span> <span class='ocrx_word' id='word_1_201' title='bbox 505 1985 704 2020; x_wconf 88' lang='lat' dir='ltr'>emerserit.</span> 
     </span>
    </p>

    <p class='ocr_par' dir='ltr' id='par_1_10' title="bbox 265 2042 1923 2136">
     <span class='ocr_line' id='line_1_25' title="bbox 344 2042 1923 2089; baseline 0 -11"><span class='ocrx_word' id='word_1_202' title='bbox 344 2045 400 2078; x_wconf 88' lang='lat' dir='ltr'>Vl.</span> <span class='ocrx_word' id='word_1_203' title='bbox 429 2044 578 2087; x_wconf 86' lang='lat' dir='ltr'>Quanta</span> <span class='ocrx_word' id='word_1_204' title='bbox 612 2050 816 2088; x_wconf 87' lang='lat' dir='ltr'>martyrum</span> <span class='ocrx_word' id='word_1_205' title='bbox 851 2043 969 2088; x_wconf 84' lang='lat' dir='ltr'>gloria</span> <span class='ocrx_word' id='word_1_206' title='bbox 1003 2050 1079 2078; x_wconf 89' lang='lat' dir='ltr'>tam</span> <span class='ocrx_word' id='word_1_207' title='bbox 1116 2044 1151 2077; x_wconf 90' lang='lat' dir='ltr'>in</span> <span class='ocrx_word' id='word_1_208' title='bbox 1184 2042 1378 2078; x_wconf 83' lang='lat' dir='ltr'>Britannia</span> <span class='ocrx_word' id='word_1_209' title='bbox 1411 2055 1523 2089; x_wconf 87' lang='lat' dir='ltr'>quam</span> <span class='ocrx_word' id='word_1_210' title='bbox 1559 2043 1594 2077; x_wconf 90' lang='lat' dir='ltr'>in</span> <span class='ocrx_word' id='word_1_211' title='bbox 1630 2042 1803 2078; x_wconf 85' lang='lat' dir='ltr'>universa</span> <span class='ocrx_word' id='word_1_212' title='bbox 1836 2050 1923 2078; x_wconf 90' lang='lat' dir='ltr'>tunc</span> 
     </span>
     <span class='ocr_line' id='line_1_26' title="bbox 265 2101 655 2136; baseline 0 0"><span class='ocrx_word' id='word_1_213' title='bbox 265 2101 461 2136; x_wconf 81' lang='lat' dir='ltr'>effloruerit</span> <span class='ocrx_word' id='word_1_214' title='bbox 489 2101 655 2136; x_wconf 88' lang='lat' dir='ltr'>ecclesia.</span> 
     </span>
    </p>

    <p class='ocr_par' dir='ltr' id='par_1_11' title="bbox 265 2159 1922 2261">
     <span class='ocr_line' id='line_1_27' title="bbox 343 2159 1922 2204; baseline 0.001 -11"><span class='ocrx_word' id='word_1_215' title='bbox 343 2160 421 2193; x_wconf 82' lang='lat' dir='ltr'>Vll.</span> <span class='ocrx_word' id='word_1_216' title='bbox 452 2160 650 2203; x_wconf 83' lang='lat' dir='ltr'>Quomodo</span> <span class='ocrx_word' id='word_1_217' title='bbox 684 2160 842 2194; x_wconf 81' lang='lat' dir='ltr'>ecclesia</span> <span class='ocrx_word' id='word_1_218' title='bbox 884 2159 1048 2194; x_wconf 69' lang='lat' dir='ltr'>redivivo</span> <span class='ocrx_word' id='word_1_219' title='bbox 1090 2160 1179 2194; x_wconf 87' lang='lat' dir='ltr'>flore</span> <span class='ocrx_word' id='word_1_220' title='bbox 1222 2159 1467 2204; x_wconf 82' lang='lat' dir='ltr'>respiraverit,</span> <span class='ocrx_word' id='word_1_221' title='bbox 1499 2160 1566 2195; x_wconf 87' lang='lat' dir='ltr'>sed</span> <span class='ocrx_word' id='word_1_222' title='bbox 1608 2167 1733 2195; x_wconf 85' lang='lat' dir='ltr'>tamen</span> <span class='ocrx_word' id='word_1_223' title='bbox 1776 2160 1922 2196; x_wconf 84' lang='lat' dir='ltr'>Arriani</span> 
     </span>
     <span class='ocr_line' id='line_1_28' title="bbox 265 2217 814 2261; baseline 0.002 -10"><span class='ocrx_word' id='word_1_224' title='bbox 265 2217 438 2261; x_wconf 88' lang='lat' dir='ltr'>contagio</span> <span class='ocrx_word' id='word_1_225' title='bbox 466 2217 601 2252; x_wconf 86' lang='lat' dir='ltr'>infecta</span> <span class='ocrx_word' id='word_1_226' title='bbox 627 2218 814 2252; x_wconf 86' lang='lat' dir='ltr'>defecerit.</span> 
     </span>
    </p>

    <p class='ocr_par' dir='ltr' id='par_1_12' title="bbox 342 2275 1648 2322">
     <span class='ocr_line' id='line_1_29' title="bbox 342 2275 1648 2322; baseline 0.002 -14"><span class='ocrx_word' id='word_1_227' title='bbox 342 2276 443 2309; x_wconf 75' lang='lat' dir='ltr'><em>VIII.</em></span> <span class='ocrx_word' id='word_1_228' title='bbox 473 2275 640 2318; x_wconf 81' lang='lat' dir='ltr'>Qualiter</span> <span class='ocrx_word' id='word_1_229' title='bbox 658 2287 750 2319; x_wconf 88' lang='lat' dir='ltr'>gens</span> <span class='ocrx_word' id='word_1_230' title='bbox 772 2275 965 2310; x_wconf 79' lang='lat' dir='ltr'>Britonum</span> <span class='ocrx_word' id='word_1_231' title='bbox 985 2275 1227 2322; x_wconf 89' lang='lat' dir='ltr'>imperatores</span> <span class='ocrx_word' id='word_1_232' title='bbox 1249 2277 1441 2310; x_wconf 86' lang='lat' dir='ltr'>Romanos</span> <span class='ocrx_word' id='word_1_233' title='bbox 1460 2276 1648 2311; x_wconf 84' lang='lat' dir='ltr'>attriverit.</span> 
     </span>
    </p>

    <p class='ocr_par' dir='ltr' id='par_1_13' title="bbox 264 2332 1924 2835">
     <span class='ocr_line' id='line_1_30' title="bbox 333 2332 1924 2379; baseline 0.001 -13"><span class='ocrx_word' id='word_1_234' title='bbox 333 2333 403 2366; x_wconf 75' lang='lat' dir='ltr'>IX.</span> <span class='ocrx_word' id='word_1_235' title='bbox 433 2332 599 2375; x_wconf 83' lang='lat' dir='ltr'>Qualiter</span> <span class='ocrx_word' id='word_1_236' title='bbox 615 2332 785 2367; x_wconf 84' lang='lat' dir='ltr'>Britones</span> <span class='ocrx_word' id='word_1_237' title='bbox 804 2333 934 2368; x_wconf 89' lang='lat' dir='ltr'>arctati</span> <span class='ocrx_word' id='word_1_238' title='bbox 954 2345 976 2368; x_wconf 89' lang='lat' dir='ltr'>a</span> <span class='ocrx_word' id='word_1_239' title='bbox 990 2333 1127 2369; x_wconf 88' lang='lat' dir='ltr'>Scottis</span> <span class='ocrx_word' id='word_1_240' title='bbox 1146 2341 1181 2368; x_wconf 92' lang='lat' dir='ltr'>et</span> <span class='ocrx_word' id='word_1_241' title='bbox 1196 2333 1308 2368; x_wconf 90' lang='lat' dir='ltr'>Pictis</span> <span class='ocrx_word' id='word_1_242' title='bbox 1328 2345 1394 2379; x_wconf 87' lang='lat' dir='ltr'>pro</span> <span class='ocrx_word' id='word_1_243' title='bbox 1411 2335 1583 2368; x_wconf 90' lang='lat' dir='ltr'>Romano</span> <span class='ocrx_word' id='word_1_244' title='bbox 1602 2333 1769 2368; x_wconf 89' lang='lat' dir='ltr'>miserint</span> <span class='ocrx_word' id='word_1_245' title='bbox 1787 2333 1924 2368; x_wconf 81' lang='lat' dir='ltr'>auxilio</span> 
     </span>
     <span class='ocr_line' id='line_1_31' title="bbox 264 2389 1924 2435; baseline 0.002 -12"><span class='ocrx_word' id='word_1_246' title='bbox 264 2396 298 2424; x_wconf 88' lang='lat' dir='ltr'>et</span> <span class='ocrx_word' id='word_1_247' title='bbox 318 2389 568 2431; x_wconf 81' lang='lat' dir='ltr'>obtinuerint;</span> <span class='ocrx_word' id='word_1_248' title='bbox 595 2397 629 2424; x_wconf 91' lang='lat' dir='ltr'>et</span> <span class='ocrx_word' id='word_1_249' title='bbox 650 2391 758 2435; x_wconf 86' lang='lat' dir='ltr'>quale</span> <span class='ocrx_word' id='word_1_250' title='bbox 785 2391 980 2426; x_wconf 84' lang='lat' dir='ltr'>consilium</span> <span class='ocrx_word' id='word_1_251' title='bbox 1009 2391 1168 2426; x_wconf 85' lang='lat' dir='ltr'>Romani</span> <span class='ocrx_word' id='word_1_252' title='bbox 1195 2391 1247 2426; x_wconf 93' lang='lat' dir='ltr'>eis</span> <span class='ocrx_word' id='word_1_253' title='bbox 1276 2391 1456 2435; x_wconf 89' lang='lat' dir='ltr'>dederint,</span> <span class='ocrx_word' id='word_1_254' title='bbox 1475 2391 1647 2426; x_wconf 83' lang='lat' dir='ltr'>videlicet</span> <span class='ocrx_word' id='word_1_255' title='bbox 1674 2398 1711 2426; x_wconf 90' lang='lat' dir='ltr'>ut</span> <span class='ocrx_word' id='word_1_256' title='bbox 1739 2391 1833 2426; x_wconf 92' lang='lat' dir='ltr'>inter</span> <span class='ocrx_word' id='word_1_257' title='bbox 1850 2392 1924 2426; x_wconf 89' lang='lat' dir='ltr'>duo</span> 
     </span>
     <span class='ocr_line' id='line_1_32' title="bbox 266 2447 1920 2495; baseline 0.002 -14"><span class='ocrx_word' id='word_1_258' title='bbox 266 2447 381 2481; x_wconf 83' lang='lat' dir='ltr'>maria</span> <span class='ocrx_word' id='word_1_259' title='bbox 409 2460 551 2482; x_wconf 90' lang='lat' dir='ltr'>murum</span> <span class='ocrx_word' id='word_1_260' title='bbox 580 2460 645 2493; x_wconf 91' lang='lat' dir='ltr'>per</span> <span class='ocrx_word' id='word_1_261' title='bbox 675 2448 776 2483; x_wconf 89' lang='lat' dir='ltr'>milia</span> <span class='ocrx_word' id='word_1_262' title='bbox 806 2461 982 2494; x_wconf 86' lang='lat' dir='ltr'>passuum</span> <span class='ocrx_word' id='word_1_263' title='bbox 1014 2451 1171 2495; x_wconf 89' lang='lat' dir='ltr'>plurima</span> <span class='ocrx_word' id='word_1_264' title='bbox 1197 2457 1298 2486; x_wconf 89' lang='lat' dir='ltr'>trans</span> <span class='ocrx_word' id='word_1_265' title='bbox 1326 2449 1485 2484; x_wconf 87' lang='lat' dir='ltr'>insulam</span> <span class='ocrx_word' id='word_1_266' title='bbox 1512 2449 1732 2484; x_wconf 88' lang='lat' dir='ltr'>instruerent</span> <span class='ocrx_word' id='word_1_267' title='bbox 1754 2450 1856 2494; x_wconf 90' lang='lat' dir='ltr'>(-rint</span> <span class='ocrx_word' id='word_1_268' title='bbox 1884 2450 1920 2484; x_wconf 88' lang='lat' dir='ltr'>in</span> 
     </span>
     <span class='ocr_line' id='line_1_33' title="bbox 269 2507 1924 2553; baseline 0.003 -14"><span class='ocrx_word' id='word_1_269' title='bbox 269 2507 365 2549; x_wconf 65' lang='lat' dir='ltr'>MS.)</span> <span class='ocrx_word' id='word_1_270' title='bbox 383 2519 404 2540; x_wconf 81' lang='lat' dir='ltr'>a</span> <span class='ocrx_word' id='word_1_271' title='bbox 431 2507 520 2540; x_wconf 84' lang='lat' dir='ltr'>mari</span> <span class='ocrx_word' id='word_1_272' title='bbox 551 2507 698 2542; x_wconf 77' lang='lat' dir='ltr'>Scotiae</span> <span class='ocrx_word' id='word_1_273' title='bbox 729 2520 845 2552; x_wconf 81' lang='lat' dir='ltr'>usque</span> <span class='ocrx_word' id='word_1_274' title='bbox 879 2509 927 2543; x_wconf 82' lang='lat' dir='ltr'>ad</span> <span class='ocrx_word' id='word_1_275' title='bbox 961 2521 1063 2544; x_wconf 90' lang='lat' dir='ltr'>mare</span> <span class='ocrx_word' id='word_1_276' title='bbox 1100 2509 1315 2553; x_wconf 87' lang='lat' dir='ltr'>Hiberniae,</span> <span class='ocrx_word' id='word_1_277' title='bbox 1345 2509 1382 2544; x_wconf 88' lang='lat' dir='ltr'>id</span> <span class='ocrx_word' id='word_1_278' title='bbox 1412 2516 1467 2544; x_wconf 88' lang='lat' dir='ltr'>est</span> <span class='ocrx_word' id='word_1_279' title='bbox 1493 2521 1514 2543; x_wconf 89' lang='lat' dir='ltr'>a</span> <span class='ocrx_word' id='word_1_280' title='bbox 1544 2509 1633 2543; x_wconf 87' lang='lat' dir='ltr'>Kair</span> <span class='ocrx_word' id='word_1_281' title='bbox 1660 2510 1768 2544; x_wconf 89' lang='lat' dir='ltr'>Eden</span> <span class='ocrx_word' id='word_1_282' title='bbox 1795 2509 1924 2544; x_wconf 82' lang='lat' dir='ltr'>civitas</span> 
     </span>
     <span class='ocr_line' id='line_1_34' title="bbox 266 2564 1924 2612; baseline 0.002 -15"><span class='ocrx_word' id='word_1_283' title='bbox 266 2564 532 2608; x_wconf 77' lang='lat' dir='ltr'>antiquissima,</span> <span class='ocrx_word' id='word_1_284' title='bbox 552 2565 705 2599; x_wconf 84' lang='lat' dir='ltr'>duorum</span> <span class='ocrx_word' id='word_1_285' title='bbox 726 2567 840 2600; x_wconf 87' lang='lat' dir='ltr'>ferme</span> <span class='ocrx_word' id='word_1_286' title='bbox 859 2566 1001 2600; x_wconf 88' lang='lat' dir='ltr'>milium</span> <span class='ocrx_word' id='word_1_287' title='bbox 1021 2567 1141 2612; x_wconf 86' lang='lat' dir='ltr'>spatio</span> <span class='ocrx_word' id='word_1_288' title='bbox 1159 2579 1181 2601; x_wconf 90' lang='lat' dir='ltr'>a</span> <span class='ocrx_word' id='word_1_289' title='bbox 1200 2566 1426 2602; x_wconf 83' lang='lat' dir='ltr'>monasterio</span> <span class='ocrx_word' id='word_1_290' title='bbox 1445 2566 1688 2611; x_wconf 83' lang='lat' dir='ltr'>Abercurnig,</span> <span class='ocrx_word' id='word_1_291' title='bbox 1708 2567 1807 2612; x_wconf 88' lang='lat' dir='ltr'>quod</span> <span class='ocrx_word' id='word_1_292' title='bbox 1827 2579 1924 2601; x_wconf 90' lang='lat' dir='ltr'>nunc</span> 
     </span>
     <span class='ocr_line' id='line_1_35' title="bbox 265 2622 1923 2666; baseline 0.002 -13"><span class='ocrx_word' id='word_1_293' title='bbox 265 2630 415 2654; x_wconf 78' lang='lat' dir='ltr'>vocatur</span> <span class='ocrx_word' id='word_1_294' title='bbox 444 2622 646 2664; x_wconf 81' lang='lat' dir='ltr'>Abercorn,</span> <span class='ocrx_word' id='word_1_295' title='bbox 681 2623 729 2656; x_wconf 89' lang='lat' dir='ltr'>ad</span> <span class='ocrx_word' id='word_1_296' title='bbox 757 2623 991 2658; x_wconf 89' lang='lat' dir='ltr'>occidentem</span> <span class='ocrx_word' id='word_1_297' title='bbox 1026 2625 1195 2666; x_wconf 89' lang='lat' dir='ltr'>tendens,</span> <span class='ocrx_word' id='word_1_298' title='bbox 1231 2631 1358 2658; x_wconf 84' lang='lat' dir='ltr'>contre</span> <span class='ocrx_word' id='word_1_299' title='bbox 1392 2624 1625 2658; x_wconf 88' lang='lat' dir='ltr'>occidentem</span> <span class='ocrx_word' id='word_1_300' title='bbox 1662 2624 1759 2658; x_wconf 77' lang='lat' dir='ltr'>iuxta</span> <span class='ocrx_word' id='word_1_301' title='bbox 1794 2625 1923 2658; x_wconf 90' lang='lat' dir='ltr'>urbem</span> 
     </span>
     <span class='ocr_line' id='line_1_36' title="bbox 264 2679 1924 2727; baseline 0.004 -17"><span class='ocrx_word' id='word_1_302' title='bbox 264 2679 422 2712; x_wconf 79' lang='lat' dir='ltr'>Alcluth.</span> <span class='ocrx_word' id='word_1_303' title='bbox 475 2679 522 2713; x_wconf 80' lang='lat' dir='ltr'>At</span> <span class='ocrx_word' id='word_1_304' title='bbox 543 2679 698 2714; x_wconf 87' lang='lat' dir='ltr'>insulani</span> <span class='ocrx_word' id='word_1_305' title='bbox 719 2692 862 2714; x_wconf 87' lang='lat' dir='ltr'>murum</span> <span class='ocrx_word' id='word_1_306' title='bbox 882 2693 955 2715; x_wconf 93' lang='lat' dir='ltr'>non</span> <span class='ocrx_word' id='word_1_307' title='bbox 981 2688 1057 2716; x_wconf 89' lang='lat' dir='ltr'>tam</span> <span class='ocrx_word' id='word_1_308' title='bbox 1084 2682 1270 2726; x_wconf 87' lang='lat' dir='ltr'>lapidibus</span> <span class='ocrx_word' id='word_1_309' title='bbox 1296 2693 1408 2727; x_wconf 85' lang='lat' dir='ltr'>quam</span> <span class='ocrx_word' id='word_1_310' title='bbox 1436 2681 1638 2726; x_wconf 84' lang='lat' dir='ltr'>cespitibus</span> <span class='ocrx_word' id='word_1_311' title='bbox 1665 2688 1924 2716; x_wconf 89' lang='lat' dir='ltr'>construentes</span> 
     </span>
     <span class='ocr_line' id='line_1_37' title="bbox 264 2736 1924 2785; baseline 0.003 -17"><span class='ocrx_word' id='word_1_312' title='bbox 264 2737 310 2769; x_wconf 88' lang='lat' dir='ltr'>ad</span> <span class='ocrx_word' id='word_1_313' title='bbox 330 2736 483 2770; x_wconf 87' lang='lat' dir='ltr'>nihilum</span> <span class='ocrx_word' id='word_1_314' title='bbox 504 2737 629 2771; x_wconf 89' lang='lat' dir='ltr'>utilem</span> <span class='ocrx_word' id='word_1_315' title='bbox 649 2746 829 2782; x_wconf 86' lang='lat' dir='ltr'>statuunt,</span> <span class='ocrx_word' id='word_1_316' title='bbox 848 2739 908 2784; x_wconf 84' lang='lat' dir='ltr'>qui</span> <span class='ocrx_word' id='word_1_317' title='bbox 937 2739 1062 2774; x_wconf 87' lang='lat' dir='ltr'>statim</span> <span class='ocrx_word' id='word_1_318' title='bbox 1091 2739 1271 2774; x_wconf 87' lang='lat' dir='ltr'>Romanis</span> <span class='ocrx_word' id='word_1_319' title='bbox 1298 2739 1585 2785; x_wconf 83' lang='lat' dir='ltr'>repatriantibus</span> <span class='ocrx_word' id='word_1_320' title='bbox 1613 2739 1743 2774; x_wconf 92' lang='lat' dir='ltr'>iterum</span> <span class='ocrx_word' id='word_1_321' title='bbox 1768 2740 1814 2774; x_wconf 90' lang='lat' dir='ltr'>ab</span> <span class='ocrx_word' id='word_1_322' title='bbox 1834 2739 1924 2785; x_wconf 87' lang='lat' dir='ltr'>ipsis</span> 
     </span>
     <span class='ocr_line' id='line_1_38' title="bbox 267 2799 588 2835; baseline 0.009 -12"><span class='ocrx_word' id='word_1_323' title='bbox 267 2799 467 2835; x_wconf 65' lang='lat' dir='ltr'>impugnati</span> <span class='ocrx_word' id='word_1_324' title='bbox 494 2800 588 2826; x_wconf 82' lang='lat' dir='ltr'>sunt.</span> 
     </span>
    </p>

    <p class='ocr_par' dir='ltr' id='par_1_14' title="bbox 334 2849 1931 3125">
     <span class='ocr_line' id='line_1_39' title="bbox 334 2849 1924 2897; baseline 0.004 -16"><span class='ocrx_word' id='word_1_325' title='bbox 334 2849 456 2883; x_wconf 81' lang='lat' dir='ltr'>These</span> <span class='ocrx_word' id='word_1_326' title='bbox 489 2849 621 2884; x_wconf 83' lang='lat' dir='ltr'>details</span> <span class='ocrx_word' id='word_1_327' title='bbox 655 2851 696 2884; x_wconf 85' lang='lat' dir='ltr'>of</span> <span class='ocrx_word' id='word_1_328' title='bbox 732 2852 793 2886; x_wconf 91' lang='lat' dir='ltr'>the</span> <span class='ocrx_word' id='word_1_329' title='bbox 835 2863 937 2886; x_wconf 88' lang='lat' dir='ltr'>more</span> <span class='ocrx_word' id='word_1_330' title='bbox 972 2853 1147 2887; x_wconf 87' lang='lat' dir='ltr'>northern</span> <span class='ocrx_word' id='word_1_331' title='bbox 1183 2853 1262 2887; x_wconf 91' lang='lat' dir='ltr'>wall</span> <span class='ocrx_word' id='word_1_332' title='bbox 1297 2852 1506 2897; x_wconf 84' lang='lat' dir='ltr'>(originally</span> <span class='ocrx_word' id='word_1_333' title='bbox 1540 2853 1619 2887; x_wconf 79' lang='lat' dir='ltr'>that</span> <span class='ocrx_word' id='word_1_334' title='bbox 1661 2852 1704 2886; x_wconf 91' lang='lat' dir='ltr'>of</span> <span class='ocrx_word' id='word_1_335' title='bbox 1742 2853 1924 2897; x_wconf 88' lang='lat' dir='ltr'>Hadrian,</span> 
     </span>
     <span class='ocr_line' id='line_1_40' title="bbox 405 2908 1931 2956; baseline 0.005 -17"><span class='ocrx_word' id='word_1_336' title='bbox 405 2915 481 2940; x_wconf 57' lang='grc' dir='ltr'>ΛΑ).</span> <span class='ocrx_word' id='word_1_337' title='bbox 514 2908 602 2951; x_wconf 78' lang='lat'>122),</span> <span class='ocrx_word' id='word_1_338' title='bbox 627 2909 718 2943; x_wconf 84' lang='lat' dir='ltr'>from</span> <span class='ocrx_word' id='word_1_339' title='bbox 750 2911 844 2944; x_wconf 71' lang='lat' dir='ltr'>(jaer</span> <span class='ocrx_word' id='word_1_340' title='bbox 870 2911 978 2945; x_wconf 89' lang='lat' dir='ltr'>Eden</span> <span class='ocrx_word' id='word_1_341' title='bbox 1006 2911 1041 2945; x_wconf 90' lang='lat' dir='ltr'>in</span> <span class='ocrx_word' id='word_1_342' title='bbox 1068 2913 1130 2946; x_wconf 88' lang='lat' dir='ltr'>the</span> <span class='ocrx_word' id='word_1_343' title='bbox 1160 2911 1470 2956; x_wconf 82' lang='lat' dir='ltr'>neighbourhood</span> <span class='ocrx_word' id='word_1_344' title='bbox 1497 2911 1538 2945; x_wconf 90' lang='lat' dir='ltr'>of</span> <span class='ocrx_word' id='word_1_345' title='bbox 1558 2911 1621 2945; x_wconf 94' lang='lat' dir='ltr'>the</span> <span class='ocrx_word' id='word_1_346' title='bbox 1647 2917 1863 2955; x_wconf 86' lang='lat' dir='ltr'>monastery</span> <span class='ocrx_word' id='word_1_347' title='bbox 1889 2912 1931 2946; x_wconf 91' lang='lat' dir='ltr'>of</span> 
     </span>
     <span class='ocr_line' id='line_1_41' title="bbox 404 2965 1925 3014; baseline 0.004 -17"><span class='ocrx_word' id='word_1_348' title='bbox 404 2965 631 3010; x_wconf 77' lang='lat' dir='ltr'>Abercurnig</span> <span class='ocrx_word' id='word_1_349' title='bbox 660 2974 697 3001; x_wconf 93' lang='lat' dir='ltr'>to</span> <span class='ocrx_word' id='word_1_350' title='bbox 722 2968 856 3011; x_wconf 83' lang='lat' dir='ltr'>Alclut‚</span> <span class='ocrx_word' id='word_1_351' title='bbox 882 2980 943 3004; x_wconf 85' lang='lat' dir='ltr'>are</span> <span class='ocrx_word' id='word_1_352' title='bbox 970 2970 1080 3004; x_wconf 85' lang='lat' dir='ltr'>taken</span> <span class='ocrx_word' id='word_1_353' title='bbox 1108 2970 1226 3014; x_wconf 88' lang='lat' dir='ltr'>partly</span> <span class='ocrx_word' id='word_1_354' title='bbox 1251 2970 1342 3003; x_wconf 84' lang='lat' dir='ltr'>from</span> <span class='ocrx_word' id='word_1_355' title='bbox 1372 2969 1484 3012; x_wconf 70' lang='lat' dir='ltr'>Beda,</span> <span class='ocrx_word' id='word_1_356' title='bbox 1511 2969 1561 3002; x_wconf 85' lang='lat' dir='ltr'>H.</span> <span class='ocrx_word' id='word_1_357' title='bbox 1589 2969 1650 3010; x_wconf 74' lang='lat' dir='ltr'>E,</span> <span class='ocrx_word' id='word_1_358' title='bbox 1674 2967 1694 3011; x_wconf 91' lang='lat' dir='ltr'>i,</span> <span class='ocrx_word' id='word_1_359' title='bbox 1728 2978 1777 3011; x_wconf 84' lang='lat'>12,</span> <span class='ocrx_word' id='word_1_360' title='bbox 1805 2970 1925 3014; x_wconf 87' lang='lat' dir='ltr'>partly</span> 
     </span>
     <span class='ocr_line' id='line_1_42' title="bbox 405 3023 1925 3072; baseline 0.004 -16"><span class='ocrx_word' id='word_1_361' title='bbox 405 3023 495 3057; x_wconf 81' lang='lat' dir='ltr'>from</span> <span class='ocrx_word' id='word_1_362' title='bbox 531 3036 633 3059; x_wconf 86' lang='lat' dir='ltr'>some</span> <span class='ocrx_word' id='word_1_363' title='bbox 667 3026 772 3060; x_wconf 87' lang='lat' dir='ltr'>other</span> <span class='ocrx_word' id='word_1_364' title='bbox 805 3038 959 3069; x_wconf 84' lang='lat' dir='ltr'>source3</span> <span class='ocrx_word' id='word_1_365' title='bbox 1005 3040 1091 3072; x_wconf 89' lang='lat' dir='ltr'>may</span> <span class='ocrx_word' id='word_1_366' title='bbox 1124 3029 1170 3062; x_wconf 90' lang='lat' dir='ltr'>be</span> <span class='ocrx_word' id='word_1_367' title='bbox 1203 3029 1295 3062; x_wconf 80' lang='lat' dir='ltr'>from</span> <span class='ocrx_word' id='word_1_368' title='bbox 1331 3027 1503 3072; x_wconf 89' lang='lat' dir='ltr'>personal</span> <span class='ocrx_word' id='word_1_369' title='bbox 1537 3026 1756 3071; x_wconf 86' lang='lat' dir='ltr'>knowledge</span> <span class='ocrx_word' id='word_1_370' title='bbox 1790 3027 1832 3061; x_wconf 91' lang='lat' dir='ltr'>of</span> <span class='ocrx_word' id='word_1_371' title='bbox 1862 3027 1925 3062; x_wconf 89' lang='lat' dir='ltr'>the</span> 
     </span>
     <span class='ocr_line' id='line_1_43' title="bbox 406 3081 1307 3125; baseline 0.007 -11"><span class='ocrx_word' id='word_1_372' title='bbox 406 3081 521 3125; x_wconf 75' lang='lat' dir='ltr'>place,</span> <span class='ocrx_word' id='word_1_373' title='bbox 540 3093 580 3115; x_wconf 88' lang='lat' dir='ltr'>as</span> <span class='ocrx_word' id='word_1_374' title='bbox 599 3083 660 3117; x_wconf 85' lang='lat' dir='ltr'>the</span> <span class='ocrx_word' id='word_1_375' title='bbox 682 3084 761 3117; x_wconf 71' lang='lat' dir='ltr'>MS.</span> <span class='ocrx_word' id='word_1_376' title='bbox 783 3097 856 3119; x_wconf 86' lang='lat' dir='ltr'>was</span> <span class='ocrx_word' id='word_1_377' title='bbox 876 3085 1017 3120; x_wconf 84' lang='lat' dir='ltr'>written</span> <span class='ocrx_word' id='word_1_378' title='bbox 1038 3085 1073 3120; x_wconf 92' lang='lat' dir='ltr'>in</span> <span class='ocrx_word' id='word_1_379' title='bbox 1093 3087 1154 3120; x_wconf 92' lang='lat' dir='ltr'>the</span> <span class='ocrx_word' id='word_1_380' title='bbox 1175 3086 1307 3120; x_wconf 90' lang='lat' dir='ltr'>North.</span> 
     </span>
    </p>

    <p class='ocr_par' dir='ltr' id='par_1_15' title="bbox 341 3137 1927 3186">
     <span class='ocr_line' id='line_1_44' title="bbox 341 3137 1927 3186; baseline 0.004 -16"><span class='ocrx_word' id='word_1_381' title='bbox 341 3137 386 3171; x_wconf 70' lang='lat' dir='ltr'>X.</span> <span class='ocrx_word' id='word_1_382' title='bbox 416 3138 535 3180; x_wconf 85' lang='lat' dir='ltr'>Quam</span> <span class='ocrx_word' id='word_1_383' title='bbox 556 3139 689 3174; x_wconf 87' lang='lat' dir='ltr'>misere</span> <span class='ocrx_word' id='word_1_384' title='bbox 708 3141 819 3184; x_wconf 79' lang='lat' dir='ltr'>legati</span> <span class='ocrx_word' id='word_1_385' title='bbox 842 3142 1034 3176; x_wconf 80' lang='lat' dir='ltr'>Britonum</span> <span class='ocrx_word' id='word_1_386' title='bbox 1056 3144 1215 3177; x_wconf 82' lang='lat' dir='ltr'>Romam</span> <span class='ocrx_word' id='word_1_387' title='bbox 1237 3143 1366 3177; x_wconf 88' lang='lat' dir='ltr'>iterum</span> <span class='ocrx_word' id='word_1_388' title='bbox 1388 3141 1591 3185; x_wconf 86' lang='lat' dir='ltr'>mittuntur,</span> <span class='ocrx_word' id='word_1_389' title='bbox 1607 3141 1730 3176; x_wconf 89' lang='lat' dir='ltr'>scissis</span> <span class='ocrx_word' id='word_1_390' title='bbox 1752 3141 1927 3186; x_wconf 86' lang='lat' dir='ltr'>vestibus,</span> 
     </span>
    </p>

    <p class='ocr_par' dir='ltr' id='par_1_16' title="bbox 268 3195 1928 3245">
     <span class='ocr_line' id='line_1_45' title="bbox 268 3195 1928 3245; baseline 0.004 -17"><span class='ocrx_word' id='word_1_391' title='bbox 268 3195 375 3229; x_wconf 82' lang='lat' dir='ltr'>nudis</span> <span class='ocrx_word' id='word_1_392' title='bbox 395 3195 560 3239; x_wconf 87' lang='lat' dir='ltr'>pedibus,</span> <span class='ocrx_word' id='word_1_393' title='bbox 581 3197 717 3241; x_wconf 85' lang='lat' dir='ltr'>opertis</span> <span class='ocrx_word' id='word_1_394' title='bbox 741 3199 894 3233; x_wconf 85' lang='lat' dir='ltr'>sablone</span> <span class='ocrx_word' id='word_1_395' title='bbox 921 3199 1116 3245; x_wconf 86' lang='lat' dir='ltr'>capitibus,</span> <span class='ocrx_word' id='word_1_396' title='bbox 1136 3199 1285 3234; x_wconf 87' lang='lat' dir='ltr'>lubricis</span> <span class='ocrx_word' id='word_1_397' title='bbox 1311 3199 1512 3245; x_wconf 88' lang='lat' dir='ltr'>gressibus,</span> <span class='ocrx_word' id='word_1_398' title='bbox 1533 3198 1737 3234; x_wconf 86' lang='lat' dir='ltr'>lacrimosis</span> <span class='ocrx_word' id='word_1_399' title='bbox 1765 3201 1928 3244; x_wconf 82' lang='lat' dir='ltr'>postula-</span> 
     </span>
    </p>
   </div>
  </div>
 </body>
</html>
