2214 3556
359 224 448 267 288
1003 222 1274 285 Appendix
1296 223 1355 270 B.

426 365 451 400 5.
483 356 631 391 Dilatus
662 364 696 391 et
724 357 858 392 dilator
889 356 1070 392 consimili
1110 369 1270 402 persona
1297 357 1515 392 indicentur.
1568 356 1605 391 Si
1641 356 1778 390 dilatus
1809 353 2012 399 negaverit,

351 427 450 449 anno
469 415 578 449 simili
608 415 783 459 peniteat,
803 415 838 450 in
857 416 1067 460 septimana
1100 417 1133 449 II
1156 416 1287 450 diebus
1307 427 1402 460 pane
1430 426 1601 460 aquaque
1620 422 1656 449 et
1683 414 1846 448 biduano
1877 412 1913 446 in
1940 413 2011 446 fine

352 471 530 517 cuiusque
562 471 712 515 mensis,
740 472 914 507 omnibus
939 472 1114 507 fratribus
1145 472 1441 517 subponentibus
1461 479 1496 506 et
1528 473 1650 506 Deum
1683 470 1846 505 iudicum
1866 475 2011 504 contes-

351 529 541 564 tantibus.¹

421 588 453 621 6.
486 589 754 622 I'ermanentes
781 595 904 622 autem
925 588 960 622 in
990 588 1253 631 obstinatione,
1272 600 1371 623 anno
1395 587 1565 622 emenso2
1583 587 1739 622 alterius
1758 585 2010 621 communioni

351 646 419 680 sub
439 645 558 680 iudice
577 646 728 680 flamma
747 646 929 680 sotiantur
946 653 981 680 et
1003 646 1073 680 Dei
1095 646 1231 680 iudicio
1250 646 1514 691 relinquantur.

422 711 452 743 7.
481 702 519 736 Si
550 702 702 747 quando
731 703 824 736 alter
848 702 957 737 fuerit
981 703 1186 746 confessus⁷
1205 710 1384 748 quantum
1414 702 1552 737 laboris
1579 701 1682 736 alteri
1712 701 1845 744 intulit,
1864 706 2009 734 tantum

351 760 420 794 sibi
440 759 714 805 multiplicetur.

1155 853 1226 886 111.

695 931 857 964 INCIPIT
883 930 1055 963 ALTERA
1083 929 1269 963 §monus
1299 928 1399 962 LUCI
1427 927 1674 961 VICTORIAE.

425 1022 450 1045 1.
481 1010 638 1045 Faciens
657 1011 794 1044 furtum
814 1010 940 1052 semel,
959 1020 1058 1043 anno
1080 1010 1108 1048 Ι,
1131 1007 1159 1041 si
1179 1008 1295 1052 plura,
1318 1008 1352 1041 II
1374 1005 1494 1041 annis.

385 1116 390 1121 ἱ
420 1079 448 1103 2.
479 1068 549 1112 Qui
577 1067 714 1103 occidit
735 1068 885 1102 fratrem
909 1078 1016 1101 suum
1042 1078 1117 1100 non
1144 1077 1187 1100 ex
1206 1065 1281 1100 odii
1310 1064 1566 1107 meditatione,
1597 1063 1626 1098 si
1654 1061 1846 1096 iracundia
1876 1059 2009 1099 subita,

349 1116 508 1151 triennio
527 1115 703 1161 peniteat.

419 1185 448 1218 3.
476 1174 634 1208 Adulter
652 1184 800 1218 quoque
819 1178 855 1206 et
875 1171 954 1216 ipse
973 1170 1145 1206 triannio.

413 1239 443 1271 4.
474 1228 544 1272 Qui
580 1229 736 1272 prebent
773 1227 949 1261 ducatum
984 1225 1164 1268 barbaris,
1200 1225 1298 1258 XIII
1335 1223 1454 1265 annis,
1490 1231 1615 1258 tamen
1650 1221 1679 1256 si
1722 1233 1796 1255 non
1832 1218 2010 1254 acciderit

346 1286 481 1331 stragis
533 1285 830 1321 Christianorum
872 1291 908 1319 et
951 1283 1142 1328 sanguinis
1177 1282 1307 1317 effusio
1341 1289 1377 1316 et
1411 1282 1492 1316 dira
1535 1280 1742 1325 captivitas.
1811 1278 1848 1313 Si
1883 1285 2008 1312 autem

345 1345 521 1387 evenerit,
553 1352 667 1389 agant
694 1343 843 1378 residuo
873 1343 971 1377 vitae
999 1340 1245 1387 penitentiam
1280 1340 1416 1375 relictis
1442 1339 1567 1374 armis.
1637 1338 1674 1373 Si
1702 1345 1827 1372 autem
1853 1335 2009 1370 voluerit

344 1412 380 1438 et
398 1416 472 1438 non
491 1404 539 1438 ad
558 1410 643 1438 vota
662 1402 731 1437 sibi
750 1403 930 1436 barbaros
949 1401 996 1435 ad
1016 1400 1249 1435 Christianos
1268 1400 1438 1442 educere,
1458 1398 1605 1432 residuo
1623 1397 1696 1431 vite
1716 1408 1780 1430 sue
1799 1394 1974 1440 peniteat.
1995 1393 2009 1414 ³

418 1471 445 1506 5.
476 1461 545 1505 Qui
584 1461 784 1506 periurium
820 1460 925 1502 iurat,
964 1460 1044 1493 IIII
1089 1471 1233 1500 annos;
1276 1457 1337 1503 qui
1375 1456 1525 1492 deducit
1564 1456 1677 1490 alium
1723 1455 1759 1489 in
1808 1453 2008 1499 periurium

345 1520 592 1564 ignorantem,
620 1520 694 1553 VII
725 1530 843 1553 annos
868 1530 875 1559 ;
901 1517 962 1562 qui
990 1517 1173 1551 deductus
1204 1523 1260 1550 est
1297 1515 1474 1559 ignorans
1501 1522 1537 1549 et
1562 1520 1646 1558 post
1674 1513 1754 1556 scit,
1781 1524 1880 1547 anno
1906 1523 2007 1551 un0;

344 1579 405 1624 qui
438 1591 525 1613 vero
559 1577 770 1623 suspicatur
795 1576 896 1621 quod
923 1575 959 1609 in
986 1574 1186 1620 periurium
1211 1573 1407 1608 deducitur
1434 1580 1559 1608 tamen
1594 1572 1689 1606 iurat
1715 1582 1781 1616 pro
1809 1581 2007 1611 consensu,

347 1637 382 1670 II
404 1636 524 1671 annis.

415 1696 446 1729 6.
476 1694 547 1738 Qui
567 1695 761 1729 mechatur
780 1692 908 1727 matris
927 1699 994 1734 est,
1017 1692 1074 1725 III
1096 1690 1204 1725 annis
1223 1701 1305 1724 cum
1327 1687 1626 1734 peregrinatione
1644 1686 1809 1732 perenni.

416 1760 446 1792 7.
476 1750 547 1793 Qui
579 1762 661 1784 cum
699 1761 791 1783 cane
827 1749 883 1782 vel
920 1759 1002 1781 cum
1042 1757 1265 1791 quocunque
1307 1743 1517 1790 peccaverit
1558 1742 1722 1785 animali,
1760 1743 1796 1776 II
1828 1740 1936 1776 annis
1974 1747 2011 1775 et

347 1808 521 1843 dimedio.

417 1867 448 1900 8.
477 1865 549 1909 Qui
578 1865 666 1900 facit
693 1865 814 1899 scelus
842 1863 957 1902 virile,
979 1870 1018 1897 ut
1040 1861 1236 1904 sodomite,
1263 1862 1341 1894 IIII
1369 1860 1488 1894 annis.
1542 1858 1612 1902 Qui
1633 1870 1720 1892 vero
1740 1857 1775 1891 in
1794 1856 2010 1899 semoribus,

350 1926 407 1958 III
429 1924 549 1968 annis,
569 1935 681 1958 manu
700 1930 825 1957 autem
844 1922 921 1956 sive
940 1920 1090 1955 alterius
1110 1919 1186 1954 sive
1206 1931 1284 1962 sua,
1303 1920 1337 1952 II
1359 1918 1479 1952 annis.

417 1995 448 2027 9.
477 1985 614 2018 Totum
642 1984 713 2017 hoc
744 1982 844 2028 quod
874 1981 1045 2022 diximus,
1074 1979 1101 2014 si
1122 1986 1205 2024 post
1225 1986 1350 2013 votum
1378 1976 1616 2022 perfectionis
1642 1975 1769 2010 fecerit
1796 1976 1919 2009 homo.
1972 1973 2010 2008 Si

346 2050 470 2077 autem
505 2050 591 2077 ante
620 2049 758 2084 votum,
786 2040 894 2075 annis
930 2038 1151 2074 diminuitur
1178 2038 1225 2071 de
1252 2037 1438 2077 omnibus,
1467 2036 1512 2070 de
1540 2034 1690 2080 reliquis
1717 2045 1804 2068 vero
1834 2040 1872 2067 ut
1899 2032 2011 2066 debet

347 2100 534 2145 minuitur,
554 2101 642 2135 dum
661 2111 735 2134 non
756 2098 867 2133 vovit.

418 2251 428 2272 ¹
456 2252 537 2285 The
559 2249 779 2285 Penitential
802 2249 842 2282 of
864 2250 1072 2283 Cummean
1101 2247 1233 2281 reads:
1262 2246 1450 2280 consimile
1471 2247 1640 2289 persona,
1666 2243 1752 2277 with
1776 2241 2013 2282 indicenlum·

348 2322 446 2343 almo
464 2310 581 2343 simul
596 2309 652 2342 for
670 2320 769 2342 amu)
786 2308 933 2347 simili,·
958 2307 998 2340 in
1014 2316 1240 2349 mqumque
1257 2303 1456 2338 ebdomada
1481 2303 1536 2336 sor
1554 2303 1593 2335 1”11
1611 2303 1830 2346 septifluum,
1848 2301 2013 2334 biduana

348 2368 421 2402 and
441 2368 597 2401 indicem
607 2367 695 2412 sore
713 2365 998 2400 conte.vl‹.mlz'bus
1012 2364 1096 2405 (XI,
1115 2364 1162 2406 9).

419 2425 432 2446 2
459 2427 539 2459 The
561 2424 781 2459 l‘enitential
809 2425 848 2457 of
873 2425 1080 2457 Cummean
1101 2421 1228 2454 reads:
1256 2421 1368 2454 emisa
1395 2420 1449 2453 for
1474 2430 1616 2452 emenso
1633 2418 1734 2461 (with
1755 2417 1873 2451 which
1894 2417 1937 2450 cf.
1958 2417 2015 2449 Dc

352 2484 522 2527 E.2·<7'a⁷l'0,
542 2496 574 2528 p.
595 2485 650 2523 62,
671 2484 690 2516 l.
713 2484 758 2525 2),
777 2483 914 2516 alacris
932 2481 1187 2515 communione
1205 2479 1278 2512 and
1296 2479 1490 2511 socientur.

418 2546 431 2567 3
461 2546 611 2580 Instead
639 2546 680 2579 of
701 2545 810 2578 Xlll
830 2545 952 2585 annis,
973 2544 1035 2577 the
1065 2541 1206 2576 Poenit.
1228 2542 1268 2574 of
1296 2542 1502 2574 Cummean
1524 2539 1584 2581 (vi,
1607 2539 1665 2582 28)
1683 2539 1750 2572 has
1778 2539 1848 2572 lll
1869 2550 2011 2571 almos:

350 2606 411 2639 the
434 2605 510 2638 rule
529 2605 608 2637 also
628 2603 779 2637 finishes
798 2602 892 2636 aster
913 2602 1216 2635 Christianorum
1240 2599 1325 2632 with
1345 2611 1351 2632 :
1381 2599 1450 2631 Sin
1470 2609 1566 2639 vero,
1586 2598 1726 2630 reiectis
1751 2597 1880 2638 amnis,
1900 2607 2013 2639 usque

349 2663 401 2696 ad
415 2667 566 2695 mortem
594 2662 730 2695 mundo
758 2661 899 2693 umrlm'
913 2662 1050 2693 wvzmt
1068 2657 1127 2697 (vi,
1149 2658 1217 2699 28).
1279 2658 1327 2689 So
1347 2657 1407 2690 the
1429 2657 1535 2689 l’m'n.
1558 2655 1873 2688 l‘semlo-Roman.
1894 2653 1955 2695 (ix,
1975 2654 2011 2694 6)

349 2722 455 2755 reads
475 2726 547 2754 (res
564 2732 682 2754 mulos
