<?xml version="1.0" encoding="UTF-8"?>
<!DOCTYPE html PUBLIC "-//W3C//DTD XHTML 1.0 Transitional//EN"
    "http://www.w3.org/TR/xhtml1/DTD/xhtml1-transitional.dtd">
<html xmlns="http://www.w3.org/1999/xhtml" xml:lang="en" lang="en">
 <head>
  <title>
</title>
<meta http-equiv="Content-Type" content="text/html;charset=utf-8" />
  <meta name='ocr-system' content='tesseract 3.04.00' />
  <meta name='ocr-capabilities' content='ocr_page ocr_carea ocr_par ocr_line ocrx_word'/>
</head>
<body>
  <div class='ocr_page' id='page_1' title='image "./gildaedeexcidiob00gilduoft_0236.png"; bbox 0 0 2214 3556; ppageno 0'>
   <div class='ocr_carea' id='block_1_1' title="bbox 63 714 256 751">
    <p class='ocr_par' dir='ltr' id='par_1_1' title="bbox 63 714 256 751">
     <span class='ocr_line' id='line_1_1' title="bbox 63 714 256 751; baseline 0.005 -9"><span class='ocrx_word' id='word_1_1' title='bbox 63 714 150 742; x_wconf 72' lang='lat' dir='ltr'><em>Rom.</em></span> <span class='ocrx_word' id='word_1_2' title='bbox 172 714 189 747; x_wconf 80' lang='lat' dir='ltr'><em>i,</em></span> <span class='ocrx_word' id='word_1_3' title='bbox 209 723 256 751; x_wconf 87' lang='lat'><em>32·</em></span> 
     </span>
    </p>
   </div>
   <div class='ocr_carea' id='block_1_2' title="bbox 62 859 291 896">
    <p class='ocr_par' dir='ltr' id='par_1_2' title="bbox 62 859 291 896">
     <span class='ocr_line' id='line_1_2' title="bbox 62 859 291 896; baseline 0.004 -10"><span class='ocrx_word' id='word_1_4' title='bbox 62 859 150 887; x_wconf 76' lang='lat' dir='ltr'><em>Rom.</em></span> <span class='ocrx_word' id='word_1_5' title='bbox 171 859 200 892; x_wconf 85' lang='lat' dir='ltr'><em>ii,</em></span> <span class='ocrx_word' id='word_1_6' title='bbox 221 868 246 896; x_wconf 83' lang='grc'><em>5,</em></span> <span class='ocrx_word' id='word_1_7' title='bbox 265 860 291 887; x_wconf 87' lang='grc'><em>6.</em></span> 
     </span>
    </p>
   </div>
   <div class='ocr_carea' id='block_1_3' title="bbox 60 1058 324 1097">
    <p class='ocr_par' dir='ltr' id='par_1_3' title="bbox 60 1058 324 1097">
     <span class='ocr_line' id='line_1_3' title="bbox 60 1058 324 1097; baseline 0.011 -12"><span class='ocrx_word' id='word_1_8' title='bbox 60 1058 149 1086; x_wconf 82' lang='lat' dir='ltr'><em>Rom.</em></span> <span class='ocrx_word' id='word_1_9' title='bbox 176 1058 205 1092; x_wconf 85' lang='lat' dir='ltr'><em>ii,</em></span> <span class='ocrx_word' id='word_1_10' title='bbox 227 1068 239 1087; x_wconf 87' lang='lat'>1</span> <span class='ocrx_word' id='word_1_11' title='bbox 247 1069 324 1097; x_wconf 86' lang='lat'>1-13.</span> 
     </span>
    </p>
   </div>
   <div class='ocr_carea' id='block_1_4' title="bbox 59 1544 297 1577">
    <p class='ocr_par' dir='ltr' id='par_1_4' title="bbox 59 1544 297 1577">
     <span class='ocr_line' id='line_1_4' title="bbox 59 1544 297 1577; baseline 0 -5"><span class='ocrx_word' id='word_1_12' title='bbox 59 1545 148 1573; x_wconf 82' lang='lat' dir='ltr'><em>Rom.</em></span> <span class='ocrx_word' id='word_1_13' title='bbox 168 1544 206 1577; x_wconf 86' lang='lat' dir='ltr'><em>vi,</em></span> <span class='ocrx_word' id='word_1_14' title='bbox 227 1553 252 1577; x_wconf 83' lang='lat'><em>1,</em></span> <span class='ocrx_word' id='word_1_15' title='bbox 272 1553 297 1572; x_wconf 91' lang='lat'><em>2.</em></span> 
     </span>
    </p>
   </div>
   <div class='ocr_carea' id='block_1_5' title="bbox 60 1750 293 1787">
    <p class='ocr_par' dir='ltr' id='par_1_5' title="bbox 60 1750 293 1787">
     <span class='ocr_line' id='line_1_5' title="bbox 60 1750 293 1787; baseline 0.009 -10"><span class='ocrx_word' id='word_1_16' title='bbox 60 1750 147 1778; x_wconf 65' lang='lat' dir='ltr'><em>Ram.</em></span> <span class='ocrx_word' id='word_1_17' title='bbox 168 1750 228 1783; x_wconf 78' lang='lat' dir='ltr'><em>viii,</em></span> <span class='ocrx_word' id='word_1_18' title='bbox 247 1758 293 1787; x_wconf 80' lang='lat'><em>35.</em></span> 
     </span>
    </p>
   </div>
   <div class='ocr_carea' id='block_1_6' title="bbox 59 2096 227 2171">
    <p class='ocr_par' dir='ltr' id='par_1_6' title="bbox 59 2096 227 2171">
     <span class='ocr_line' id='line_1_6' title="bbox 59 2096 227 2128; baseline 0.006 -5"><span class='ocrx_word' id='word_1_19' title='bbox 59 2096 146 2124; x_wconf 78' lang='lat' dir='ltr'><em>Rom.</em></span> <span class='ocrx_word' id='word_1_20' title='bbox 167 2097 227 2128; x_wconf 84' lang='lat' dir='ltr'><em>xiii.</em></span> 
     </span>
     <span class='ocr_line' id='line_1_7' title="bbox 103 2144 197 2171; baseline 0.011 -9"><span class='ocrx_word' id='word_1_21' title='bbox 103 2144 197 2171; x_wconf 73' lang='lat'><em>12—14.</em></span> 
     </span>
    </p>
   </div>
   <div class='ocr_carea' id='block_1_7' title="bbox 62 2506 318 2543">
    <p class='ocr_par' dir='ltr' id='par_1_7' title="bbox 62 2506 318 2543">
     <span class='ocr_line' id='line_1_8' title="bbox 62 2506 318 2543; baseline 0.004 -9"><span class='ocrx_word' id='word_1_22' title='bbox 62 2506 156 2535; x_wconf 76' lang='lat' dir='ltr'><em>ICor.</em></span> <span class='ocrx_word' id='word_1_23' title='bbox 170 2506 209 2539; x_wconf 81' lang='lat' dir='ltr'><em>iii,</em></span> <span class='ocrx_word' id='word_1_24' title='bbox 223 2516 318 2543; x_wconf 77' lang='lat'><em>10-17.</em></span> 
     </span>
    </p>
   </div>
   <div class='ocr_carea' id='block_1_8' title="bbox 356 229 1504 288">
    <p class='ocr_par' dir='ltr' id='par_1_8' title="bbox 356 229 1504 288">
     <span class='ocr_line' id='line_1_9' title="bbox 356 229 1504 288; baseline 0.003 -13"><span class='ocrx_word' id='word_1_25' title='bbox 356 246 448 288; x_wconf 81' lang='lat'><em>224</em></span> <span class='ocrx_word' id='word_1_26' title='bbox 853 230 932 276; x_wconf 84' lang='lat' dir='ltr'><em>De</em></span> <span class='ocrx_word' id='word_1_27' title='bbox 957 229 1167 277; x_wconf 73' lang='lat' dir='ltr'><em>Excidio</em></span> <span class='ocrx_word' id='word_1_28' title='bbox 1192 231 1504 278; x_wconf 71' lang='lat' dir='ltr'><em>Britanniae.</em></span> 
     </span>
    </p>
   </div>
   <div class='ocr_carea' id='block_1_9' title="bbox 330 364 2122 2893">
    <p class='ocr_par' dir='ltr' id='par_1_9' title="bbox 348 364 2008 623">
     <span class='ocr_line' id='line_1_10' title="bbox 348 364 2007 419; baseline 0.001 -15"><span class='ocrx_word' id='word_1_29' title='bbox 348 364 553 417; x_wconf 83' lang='lat' dir='ltr'><em>superbos,</em></span> <span class='ocrx_word' id='word_1_30' title='bbox 589 365 729 415; x_wconf 87' lang='lat' dir='ltr'><em>elatos,</em></span> <span class='ocrx_word' id='word_1_31' title='bbox 767 365 1005 407; x_wconf 78' lang='lat' dir='ltr'><em>inventores</em></span> <span class='ocrx_word' id='word_1_32' title='bbox 1046 367 1269 415; x_wconf 84' lang='lat' dir='ltr'><em>malorum,</em></span> <span class='ocrx_word' id='word_1_33' title='bbox 1293 367 1551 419; x_wconf 84' lang='lat' dir='ltr'><em>parentibus</em></span> <span class='ocrx_word' id='word_1_34' title='bbox 1587 367 1903 417; x_wconf 77' lang='lat' dir='ltr'><em>inoboedientes,</em></span> <span class='ocrx_word' id='word_1_35' title='bbox 1945 367 2007 407; x_wconf 91' lang='lat' dir='ltr'><em>in-</em></span> 
     </span>
     <span class='ocr_line' id='line_1_11' title="bbox 348 434 2006 489; baseline 0.001 -16"><span class='ocrx_word' id='word_1_36' title='bbox 348 440 546 484; x_wconf 87' lang='lat' dir='ltr'><em>sensatos,</em></span> <span class='ocrx_word' id='word_1_37' title='bbox 588 434 886 487; x_wconf 73' lang='lat' dir='ltr'><em>inccnupositos,</em></span> <span class='ocrx_word' id='word_1_38' title='bbox 927 435 1018 475; x_wconf 85' lang='lat' dir='ltr'><em>sine</em></span> <span class='ocrx_word' id='word_1_39' title='bbox 1058 434 1360 485; x_wconf 70' lang='lat' dir='ltr'><em>misericordia,</em></span> <span class='ocrx_word' id='word_1_40' title='bbox 1401 435 1492 476; x_wconf 86' lang='lat' dir='ltr'><em>sine</em></span> <span class='ocrx_word' id='word_1_41' title='bbox 1532 435 1759 489; x_wconf 84' lang='lat' dir='ltr'><em>affectione,</em></span> <span class='ocrx_word' id='word_1_42' title='bbox 1798 436 1878 488; x_wconf 81' lang='lat' dir='ltr'><em>qui</em></span> <span class='ocrx_word' id='word_1_43' title='bbox 1913 449 2006 475; x_wconf 85' lang='lat' dir='ltr'><em>cum</em></span> 
     </span>
     <span class='ocr_line' id='line_1_12' title="bbox 350 502 2008 557; baseline 0.001 -16"><span class='ocrx_word' id='word_1_44' title='bbox 350 502 565 542; x_wconf 86' lang='lat' dir='ltr'><em>iustitiam</em></span> <span class='ocrx_word' id='word_1_45' title='bbox 606 503 694 543; x_wconf 86' lang='lat' dir='ltr'><em>Dei</em></span> <span class='ocrx_word' id='word_1_46' title='bbox 725 503 1017 556; x_wconf 61' lang='lat' dir='ltr'><em>cognovissent,</em></span> <span class='ocrx_word' id='word_1_47' title='bbox 1060 518 1141 544; x_wconf 84' lang='lat' dir='ltr'><em>non</em></span> <span class='ocrx_word' id='word_1_48' title='bbox 1182 504 1489 554; x_wconf 75' lang='lat' dir='ltr'><em>intellexerunt,</em></span> <span class='ocrx_word' id='word_1_49' title='bbox 1531 505 1733 557; x_wconf 84' lang='lat' dir='ltr'><em>quoniam</em></span> <span class='ocrx_word' id='word_1_50' title='bbox 1775 505 1854 557; x_wconf 78' lang='lat' dir='ltr'><em>qus·</em></span> <span class='ocrx_word' id='word_1_51' title='bbox 1901 504 2008 544; x_wconf 87' lang='lat' dir='ltr'><em>talia</em></span> 
     </span>
     <span class='ocr_line' id='line_1_13' title="bbox 349 571 924 623; baseline 0.003 -14"><span class='ocrx_word' id='word_1_52' title='bbox 349 577 497 622; x_wconf 76' lang='lat' dir='ltr'><em>agunt,</em></span> <span class='ocrx_word' id='word_1_53' title='bbox 518 571 645 623; x_wconf 64' lang='lat' dir='ltr'><em>digni</em></span> <span class='ocrx_word' id='word_1_54' title='bbox 661 578 764 611; x_wconf 87' lang='lat' dir='ltr'><em>sunt</em></span> <span class='ocrx_word' id='word_1_55' title='bbox 784 578 924 612; x_wconf 84' lang='lat' dir='ltr'><em>morte.</em></span> 
     </span>
    </p>

    <p class='ocr_par' dir='ltr' id='par_1_10' title="bbox 342 631 2090 1517">
     <span class='ocr_line' id='line_1_14' title="bbox 437 631 2090 692; baseline 0.001 -13"><span class='ocrx_word' id='word_1_56' title='bbox 437 639 654 692; x_wconf 77' lang='lat' dir='ltr'><em>Quisnam</em></span> <span class='ocrx_word' id='word_1_57' title='bbox 693 653 824 692; x_wconf 77' lang='lat' dir='ltr'><em>supra</em></span> <span class='ocrx_word' id='word_1_58' title='bbox 859 639 1078 680; x_wconf 87' lang='lat' dir='ltr'><em>dictorum</em></span> <span class='ocrx_word' id='word_1_59' title='bbox 1114 640 1181 680; x_wconf 91' lang='lat' dir='ltr'><em>his</em></span> <span class='ocrx_word' id='word_1_60' title='bbox 1218 641 1424 681; x_wconf 89' lang='lat' dir='ltr'><em>omnibus</em></span> <span class='ocrx_word' id='word_1_61' title='bbox 1462 641 1504 680; x_wconf 92' lang='lat' dir='ltr'><em>in</em></span> <span class='ocrx_word' id='word_1_62' title='bbox 1527 641 1710 681; x_wconf 80' lang='lat' dir='ltr'><em>veritate</em></span> <span class='ocrx_word' id='word_1_63' title='bbox 1732 641 1909 681; x_wconf 77' lang='lat' dir='ltr'><em>caruit?</em></span> <span class='ocrx_word' id='word_1_64' title='bbox 1961 640 2007 682; x_wconf 82' lang='lat' dir='ltr'><em>Si</em></span> <span class='ocrx_word' id='word_1_65' title='bbox 2029 631 2090 688; x_wconf 80' lang='grc'><em>98</em></span> 
     </span>
     <span class='ocr_line' id='line_1_15' title="bbox 349 708 2006 762; baseline 0.001 -15"><span class='ocrx_word' id='word_1_66' title='bbox 349 709 464 747; x_wconf 87' lang='lat' dir='ltr'><em>enim</em></span> <span class='ocrx_word' id='word_1_67' title='bbox 488 715 615 758; x_wconf 83' lang='lat' dir='ltr'><em>esset,</em></span> <span class='ocrx_word' id='word_1_68' title='bbox 638 708 749 749; x_wconf 88' lang='lat' dir='ltr'><em>forte</em></span> <span class='ocrx_word' id='word_1_69' title='bbox 783 715 1013 761; x_wconf 78' lang='lat' dir='ltr'><em>caperetur</em></span> <span class='ocrx_word' id='word_1_70' title='bbox 1042 709 1242 749; x_wconf 86' lang='lat' dir='ltr'><em>subiecto</em></span> <span class='ocrx_word' id='word_1_71' title='bbox 1264 723 1407 758; x_wconf 84' lang='lat' dir='ltr'><em>sensu,</em></span> <span class='ocrx_word' id='word_1_72' title='bbox 1430 710 1472 750; x_wconf 91' lang='lat' dir='ltr'><em>in</em></span> <span class='ocrx_word' id='word_1_73' title='bbox 1496 723 1585 762; x_wconf 87' lang='lat' dir='ltr'><em>quo</em></span> <span class='ocrx_word' id='word_1_74' title='bbox 1607 711 1668 751; x_wconf 84' lang='lat' dir='ltr'><em>ait</em></span> <span class='ocrx_word' id='word_1_75' title='bbox 1688 725 1696 750; x_wconf 71' lang='grc' dir='ltr'>ε</span> <span class='ocrx_word' id='word_1_76' title='bbox 1748 710 1849 749; x_wconf 89' lang='lat' dir='ltr'><em>Non</em></span> <span class='ocrx_word' id='word_1_77' title='bbox 1871 709 2006 749; x_wconf 84' lang='lat' dir='ltr'><em>solum</em></span> 
     </span>
     <span class='ocr_line' id='line_1_16' title="bbox 345 777 2008 831; baseline 0.001 -15"><span class='ocrx_word' id='word_1_78' title='bbox 345 777 423 829; x_wconf 83' lang='lat' dir='ltr'><em>qui</em></span> <span class='ocrx_word' id='word_1_79' title='bbox 441 777 622 829; x_wconf 84' lang='lat' dir='ltr'><em>faciunt</em></span> <span class='ocrx_word' id='word_1_80' title='bbox 648 791 706 825; x_wconf 87' lang='lat' dir='ltr'><em>ea,</em></span> <span class='ocrx_word' id='word_1_81' title='bbox 728 778 806 817; x_wconf 88' lang='lat' dir='ltr'><em>sed</em></span> <span class='ocrx_word' id='word_1_82' title='bbox 835 777 965 818; x_wconf 87' lang='lat' dir='ltr'><em>etiam</em></span> <span class='ocrx_word' id='word_1_83' title='bbox 997 777 1075 831; x_wconf 83' lang='lat' dir='ltr'><em>qui</em></span> <span class='ocrx_word' id='word_1_84' title='bbox 1099 778 1363 818; x_wconf 85' lang='lat' dir='ltr'><em>consentiunt</em></span> <span class='ocrx_word' id='word_1_85' title='bbox 1377 778 1653 830; x_wconf 77' lang='lat' dir='ltr'><em>facientibus,</em></span> <span class='ocrx_word' id='word_1_86' title='bbox 1678 778 1799 819; x_wconf 89' lang='lat' dir='ltr'><em>nullo</em></span> <span class='ocrx_word' id='word_1_87' title='bbox 1840 778 2008 818; x_wconf 86' lang='lat' dir='ltr'><em>scilicet</em></span> 
     </span>
     <span class='ocr_line' id='line_1_17' title="bbox 347 845 2008 889; baseline 0.002 -5"><span class='ocrx_word' id='word_1_88' title='bbox 347 845 429 884; x_wconf 90' lang='lat' dir='ltr'><em>hoc</em></span> <span class='ocrx_word' id='word_1_89' title='bbox 453 846 569 885; x_wconf 80' lang='lat' dir='ltr'><em>malo</em></span> <span class='ocrx_word' id='word_1_90' title='bbox 591 859 740 885; x_wconf 85' lang='lat' dir='ltr'><em>eorum</em></span> <span class='ocrx_word' id='word_1_91' title='bbox 765 852 972 886; x_wconf 82' lang='lat' dir='ltr'><em>exstante</em></span> <span class='ocrx_word' id='word_1_92' title='bbox 994 847 1189 886; x_wconf 86' lang='lat' dir='ltr'><em>immuni.</em></span> <span class='ocrx_word' id='word_1_93' title='bbox 1244 847 1303 888; x_wconf 82' lang='lat' dir='ltr'><em>Et</em></span> <span class='ocrx_word' id='word_1_94' title='bbox 1326 847 1463 888; x_wconf 79' lang='lat' dir='ltr'><em>infra:</em></span> <span class='ocrx_word' id='word_1_95' title='bbox 1502 848 1565 888; x_wconf 85' lang='lat' dir='ltr'><em>Tu</em></span> <span class='ocrx_word' id='word_1_96' title='bbox 1602 855 1744 889; x_wconf 81' lang='lat' dir='ltr'><em>autem</em></span> <span class='ocrx_word' id='word_1_97' title='bbox 1779 847 2008 888; x_wconf 85' lang='lat' dir='ltr'><em>secundum</em></span> 
     </span>
     <span class='ocr_line' id='line_1_18' title="bbox 347 914 2009 967; baseline 0.002 -14"><span class='ocrx_word' id='word_1_98' title='bbox 347 914 558 954; x_wconf 83' lang='lat' dir='ltr'><em>duritiam</em></span> <span class='ocrx_word' id='word_1_99' title='bbox 600 921 720 954; x_wconf 85' lang='lat' dir='ltr'><em>tuam</em></span> <span class='ocrx_word' id='word_1_100' title='bbox 762 921 802 954; x_wconf 88' lang='lat' dir='ltr'><em>ct</em></span> <span class='ocrx_word' id='word_1_101' title='bbox 840 929 910 954; x_wconf 91' lang='lat' dir='ltr'><em>cor</em></span> <span class='ocrx_word' id='word_1_102' title='bbox 949 915 1230 967; x_wconf 86' lang='lat' dir='ltr'><em>impaenitens</em></span> <span class='ocrx_word' id='word_1_103' title='bbox 1271 916 1540 957; x_wconf 66' lang='lat' dir='ltr'><em>thesaurizas</em></span> <span class='ocrx_word' id='word_1_104' title='bbox 1575 917 1659 957; x_wconf 88' lang='lat' dir='ltr'><em>tibi</em></span> <span class='ocrx_word' id='word_1_105' title='bbox 1700 917 1812 957; x_wconf 83' lang='lat' dir='ltr'><em>iram</em></span> <span class='ocrx_word' id='word_1_106' title='bbox 1856 917 1900 957; x_wconf 89' lang='lat' dir='ltr'><em>in</em></span> <span class='ocrx_word' id='word_1_107' title='bbox 1941 917 2009 957; x_wconf 85' lang='lat' dir='ltr'><em>die</em></span> 
     </span>
     <span class='ocr_line' id='line_1_19' title="bbox 347 983 2065 1039; baseline 0.002 -17"><span class='ocrx_word' id='word_1_108' title='bbox 347 983 438 1022; x_wconf 87' lang='lat' dir='ltr'><em>irae</em></span> <span class='ocrx_word' id='word_1_109' title='bbox 468 989 508 1022; x_wconf 84' lang='lat' dir='ltr'><em>et</em></span> <span class='ocrx_word' id='word_1_110' title='bbox 535 983 806 1023; x_wconf 84' lang='lat' dir='ltr'><em>revelationis</em></span> <span class='ocrx_word' id='word_1_111' title='bbox 827 983 938 1024; x_wconf 88' lang='lat' dir='ltr'><em>iusti</em></span> <span class='ocrx_word' id='word_1_112' title='bbox 965 984 1120 1024; x_wconf 84' lang='lat' dir='ltr'><em>iudicii</em></span> <span class='ocrx_word' id='word_1_113' title='bbox 1137 984 1233 1034; x_wconf 84' lang='lat' dir='ltr'><em>Dei,</em></span> <span class='ocrx_word' id='word_1_114' title='bbox 1255 986 1334 1037; x_wconf 80' lang='lat' dir='ltr'><em>qui</em></span> <span class='ocrx_word' id='word_1_115' title='bbox 1355 986 1501 1027; x_wconf 88' lang='lat' dir='ltr'><em>reddet</em></span> <span class='ocrx_word' id='word_1_116' title='bbox 1531 986 1757 1039; x_wconf 77' lang='lat' dir='ltr'><em>unicuique</em></span> <span class='ocrx_word' id='word_1_117' title='bbox 1776 986 2004 1026; x_wconf 82' lang='lat' dir='ltr'><em>secundum</em></span> <span class='ocrx_word' id='word_1_118' title='bbox 2029 992 2065 1011; x_wconf 85' lang='lat'><em>10</em></span> 
     </span>
     <span class='ocr_line' id='line_1_20' title="bbox 346 1052 2013 1108; baseline 0.002 -17"><span class='ocrx_word' id='word_1_119' title='bbox 346 1059 470 1104; x_wconf 85' lang='lat' dir='ltr'><em>opera</em></span> <span class='ocrx_word' id='word_1_120' title='bbox 490 1066 580 1092; x_wconf 83' lang='lat' dir='ltr'><em>sua.</em></span> <span class='ocrx_word' id='word_1_121' title='bbox 665 1052 723 1092; x_wconf 84' lang='lat' dir='ltr'><em>Et</em></span> <span class='ocrx_word' id='word_1_122' title='bbox 757 1053 941 1093; x_wconf 83' lang='lat' dir='ltr'><em>iterum:</em></span> <span class='ocrx_word' id='word_1_123' title='bbox 984 1053 1086 1092; x_wconf 90' lang='lat' dir='ltr'><em>Non</em></span> <span class='ocrx_word' id='word_1_124' title='bbox 1123 1060 1185 1093; x_wconf 87' lang='lat' dir='ltr'><em>est</em></span> <span class='ocrx_word' id='word_1_125' title='bbox 1218 1054 1331 1094; x_wconf 83' lang='lat' dir='ltr'><em>enim</em></span> <span class='ocrx_word' id='word_1_126' title='bbox 1373 1055 1546 1107; x_wconf 77' lang='lat' dir='ltr'><em>acceptio</em></span> <span class='ocrx_word' id='word_1_127' title='bbox 1569 1063 1855 1108; x_wconf 86' lang='lat' dir='ltr'><em>personarum</em></span> <span class='ocrx_word' id='word_1_128' title='bbox 1893 1055 2013 1107; x_wconf 81' lang='lat' dir='ltr'><em>apud</em></span> 
     </span>
     <span class='ocr_line' id='line_1_21' title="bbox 344 1120 2008 1176; baseline 0.002 -16"><span class='ocrx_word' id='word_1_129' title='bbox 344 1121 497 1161; x_wconf 84' lang='lat' dir='ltr'><em>Deum.</em></span> <span class='ocrx_word' id='word_1_130' title='bbox 563 1120 826 1173; x_wconf 72' lang='lat' dir='ltr'><em>Quicumque</em></span> <span class='ocrx_word' id='word_1_131' title='bbox 846 1121 958 1161; x_wconf 84' lang='lat' dir='ltr'><em>enim</em></span> <span class='ocrx_word' id='word_1_132' title='bbox 979 1121 1072 1161; x_wconf 85' lang='lat' dir='ltr'><em>sine</em></span> <span class='ocrx_word' id='word_1_133' title='bbox 1091 1122 1178 1174; x_wconf 75' lang='lat' dir='ltr'><em>lege</em></span> <span class='ocrx_word' id='word_1_134' title='bbox 1189 1129 1481 1174; x_wconf 83' lang='lat' dir='ltr'><em>peccaverunt,</em></span> <span class='ocrx_word' id='word_1_135' title='bbox 1502 1124 1594 1163; x_wconf 89' lang='lat' dir='ltr'><em>sine</em></span> <span class='ocrx_word' id='word_1_136' title='bbox 1613 1124 1699 1176; x_wconf 80' lang='lat' dir='ltr'><em>lege</em></span> <span class='ocrx_word' id='word_1_137' title='bbox 1720 1130 1760 1164; x_wconf 89' lang='lat' dir='ltr'><em>et</em></span> <span class='ocrx_word' id='word_1_138' title='bbox 1769 1123 1977 1176; x_wconf 86' lang='lat' dir='ltr'><em>peribunt</em></span> <span class='ocrx_word' id='word_1_139' title='bbox 1993 1139 2008 1164; x_wconf 87' lang='lat'><em>.·</em></span> 
     </span>
     <span class='ocr_line' id='line_1_22' title="bbox 343 1189 2006 1244; baseline 0.002 -16"><span class='ocrx_word' id='word_1_140' title='bbox 343 1189 594 1242; x_wconf 81' lang='lat' dir='ltr'><em>quicumque</em></span> <span class='ocrx_word' id='word_1_141' title='bbox 636 1189 681 1228; x_wconf 90' lang='lat' dir='ltr'><em>in</em></span> <span class='ocrx_word' id='word_1_142' title='bbox 725 1189 811 1241; x_wconf 74' lang='lat' dir='ltr'><em>lege</em></span> <span class='ocrx_word' id='word_1_143' title='bbox 851 1196 1144 1241; x_wconf 82' lang='lat' dir='ltr'><em>peccaverunt,</em></span> <span class='ocrx_word' id='word_1_144' title='bbox 1175 1197 1260 1242; x_wconf 87' lang='lat' dir='ltr'><em>per</em></span> <span class='ocrx_word' id='word_1_145' title='bbox 1307 1191 1438 1244; x_wconf 73' lang='lat' dir='ltr'><em>legem</em></span> <span class='ocrx_word' id='word_1_146' title='bbox 1490 1192 1805 1232; x_wconf 85' lang='lat' dir='ltr'><em>iudicabuntur.</em></span> <span class='ocrx_word' id='word_1_147' title='bbox 1887 1191 2006 1244; x_wconf 79' lang='lat' dir='ltr'><em>Quid</em></span> 
     </span>
     <span class='ocr_line' id='line_1_23' title="bbox 342 1257 2007 1312; baseline 0.001 -14"><span class='ocrx_word' id='word_1_148' title='bbox 342 1272 447 1311; x_wconf 79' lang='lat' dir='ltr'><em>ergo</em></span> <span class='ocrx_word' id='word_1_149' title='bbox 481 1257 724 1298; x_wconf 82' lang='lat' dir='ltr'><em>severitatis</em></span> <span class='ocrx_word' id='word_1_150' title='bbox 763 1259 924 1310; x_wconf 80' lang='lat' dir='ltr'><em>ingruit</em></span> <span class='ocrx_word' id='word_1_151' title='bbox 956 1258 1034 1307; x_wconf 83' lang='lat' dir='ltr'><em>his,</em></span> <span class='ocrx_word' id='word_1_152' title='bbox 1057 1259 1131 1311; x_wconf 82' lang='lat' dir='ltr'><em>qui</em></span> <span class='ocrx_word' id='word_1_153' title='bbox 1166 1273 1254 1299; x_wconf 89' lang='lat' dir='ltr'><em>non</em></span> <span class='ocrx_word' id='word_1_154' title='bbox 1287 1259 1428 1299; x_wconf 88' lang='lat' dir='ltr'><em>solum</em></span> <span class='ocrx_word' id='word_1_155' title='bbox 1463 1259 1688 1312; x_wconf 83' lang='lat' dir='ltr'><em>implenda</em></span> <span class='ocrx_word' id='word_1_156' title='bbox 1720 1273 1805 1299; x_wconf 89' lang='lat' dir='ltr'><em>non</em></span> <span class='ocrx_word' id='word_1_157' title='bbox 1840 1259 2007 1300; x_wconf 80' lang='lat' dir='ltr'><em>faciunt</em></span> 
     </span>
     <span class='ocr_line' id='line_1_24' title="bbox 343 1327 2063 1382; baseline 0.001 -14"><span class='ocrx_word' id='word_1_158' title='bbox 343 1333 386 1368; x_wconf 90' lang='lat' dir='ltr'><em>et</em></span> <span class='ocrx_word' id='word_1_159' title='bbox 438 1327 660 1380; x_wconf 79' lang='lat' dir='ltr'><em>prohibita</em></span> <span class='ocrx_word' id='word_1_160' title='bbox 712 1341 799 1367; x_wconf 91' lang='lat' dir='ltr'><em>non</em></span> <span class='ocrx_word' id='word_1_161' title='bbox 856 1327 1093 1377; x_wconf 78' lang='lat' dir='ltr'><em>declinant,</em></span> <span class='ocrx_word' id='word_1_162' title='bbox 1143 1328 1219 1368; x_wconf 91' lang='lat' dir='ltr'><em>sed</em></span> <span class='ocrx_word' id='word_1_163' title='bbox 1273 1329 1407 1369; x_wconf 85' lang='lat' dir='ltr'><em>etiam</em></span> <span class='ocrx_word' id='word_1_164' title='bbox 1458 1329 1599 1382; x_wconf 78' lang='lat' dir='ltr'><em>ipsam</em></span> <span class='ocrx_word' id='word_1_165' title='bbox 1646 1329 1898 1369; x_wconf 83' lang='lat' dir='ltr'><em>verborum·</em></span> <span class='ocrx_word' id='word_1_166' title='bbox 1923 1329 2006 1369; x_wconf 90' lang='lat' dir='ltr'><em>Dei</em></span> <span class='ocrx_word' id='word_1_167' title='bbox 2028 1335 2063 1364; x_wconf 83' lang='lat'><em>15</em></span> 
     </span>
     <span class='ocr_line' id='line_1_25' title="bbox 343 1395 2008 1451; baseline 0.001 -15"><span class='ocrx_word' id='word_1_168' title='bbox 343 1395 594 1436; x_wconf 85' lang='lat' dir='ltr'><em>lectionem1</em></span> <span class='ocrx_word' id='word_1_169' title='bbox 629 1395 697 1436; x_wconf 85' lang='lat' dir='ltr'><em>vel</em></span> <span class='ocrx_word' id='word_1_170' title='bbox 739 1396 927 1436; x_wconf 89' lang='lat' dir='ltr'><em>tenuiter</em></span> <span class='ocrx_word' id='word_1_171' title='bbox 969 1396 1144 1437; x_wconf 80' lang='lat' dir='ltr'><em>auribus</em></span> <span class='ocrx_word' id='word_1_172' title='bbox 1187 1397 1405 1450; x_wconf 79' lang='lat' dir='ltr'><em>ingestam</em></span> <span class='ocrx_word' id='word_1_173' title='bbox 1449 1412 1527 1451; x_wconf 87' lang='lat' dir='ltr'><em>pro</em></span> <span class='ocrx_word' id='word_1_174' title='bbox 1564 1398 1820 1438; x_wconf 79' lang='lat' dir='ltr'><em>saevissimo</em></span> <span class='ocrx_word' id='word_1_175' title='bbox 1863 1411 2008 1450; x_wconf 81' lang='lat' dir='ltr'><em>angue</em></span> 
     </span>
     <span class='ocr_line' id='line_1_26' title="bbox 343 1464 598 1517; baseline 0.004 -13"><span class='ocrx_word' id='word_1_176' title='bbox 343 1464 564 1517; x_wconf 80' lang='lat' dir='ltr'><em>refugiunt</em></span> <span class='ocrx_word' id='word_1_177' title='bbox 583 1469 598 1505; x_wconf 85' lang='lat'>?</span> 
     </span>
    </p>

    <p class='ocr_par' dir='ltr' id='par_1_11' title="bbox 330 1530 2090 2481">
     <span class='ocr_line' id='line_1_27' title="bbox 431 1530 2090 1586; baseline -0.001 -15"><span class='ocrx_word' id='word_1_178' title='bbox 431 1531 520 1572; x_wconf 85' lang='lat' dir='ltr'><em>Sed</em></span> <span class='ocrx_word' id='word_1_179' title='bbox 558 1537 835 1571; x_wconf 76' lang='lat' dir='ltr'><em>transeamus</em></span> <span class='ocrx_word' id='word_1_180' title='bbox 868 1532 923 1572; x_wconf 82' lang='lat' dir='ltr'><em>ad</em></span> <span class='ocrx_word' id='word_1_181' title='bbox 959 1532 1199 1584; x_wconf 79' lang='lat' dir='ltr'><em>sequentia.</em></span> <span class='ocrx_word' id='word_1_182' title='bbox 1285 1532 1408 1582; x_wconf 75' lang='lat' dir='ltr'><em>Quid</em></span> <span class='ocrx_word' id='word_1_183' title='bbox 1437 1547 1545 1585; x_wconf 75' lang='lat' dir='ltr'><em>ergo,</em></span> <span class='ocrx_word' id='word_1_184' title='bbox 1582 1533 1737 1586; x_wconf 81' lang='lat' dir='ltr'><em>inquit,</em></span> <span class='ocrx_word' id='word_1_185' title='bbox 1778 1532 2005 1573; x_wconf 76' lang='lat' dir='ltr'><em>dicemus?</em></span> <span class='ocrx_word' id='word_1_186' title='bbox 2028 1530 2090 1573; x_wconf 83' lang='lat'><em>99</em></span> 
     </span>
     <span class='ocr_line' id='line_1_28' title="bbox 334 1600 2002 1653; baseline 0.001 -13"><span class='ocrx_word' id='word_1_187' title='bbox 334 1600 685 1653; x_wconf 73' lang='lat' dir='ltr'><em>permanebimus</em></span> <span class='ocrx_word' id='word_1_188' title='bbox 722 1600 767 1640; x_wconf 87' lang='lat' dir='ltr'><em>in</em></span> <span class='ocrx_word' id='word_1_189' title='bbox 792 1608 968 1653; x_wconf 87' lang='lat' dir='ltr'><em>peccato,</em></span> <span class='ocrx_word' id='word_1_190' title='bbox 1005 1608 1054 1641; x_wconf 92' lang='lat' dir='ltr'><em>ut</em></span> <span class='ocrx_word' id='word_1_191' title='bbox 1083 1601 1236 1653; x_wconf 78' lang='lat' dir='ltr'><em>gratia</em></span> <span class='ocrx_word' id='word_1_192' title='bbox 1272 1601 1494 1643; x_wconf 71' lang='lat' dir='ltr'><em>abundet?</em></span> <span class='ocrx_word' id='word_1_193' title='bbox 1556 1602 1695 1642; x_wconf 79' lang='lat' dir='ltr'><em>Absit.</em></span> <span class='ocrx_word' id='word_1_194' title='bbox 1763 1601 1853 1652; x_wconf 76' lang='lat' dir='ltr'><em>Qui</em></span> <span class='ocrx_word' id='word_1_195' title='bbox 1889 1601 2002 1642; x_wconf 85' lang='lat' dir='ltr'><em>enim</em></span> 
     </span>
     <span class='ocr_line' id='line_1_29' title="bbox 345 1669 2063 1723; baseline 0.001 -14"><span class='ocrx_word' id='word_1_196' title='bbox 345 1669 507 1709; x_wconf 85' lang='lat' dir='ltr'><em>mortui</em></span> <span class='ocrx_word' id='word_1_197' title='bbox 538 1683 687 1709; x_wconf 86' lang='lat' dir='ltr'><em>sumus</em></span> <span class='ocrx_word' id='word_1_198' title='bbox 718 1676 890 1721; x_wconf 85' lang='lat' dir='ltr'><em>peccato,</em></span> <span class='ocrx_word' id='word_1_199' title='bbox 925 1670 1127 1722; x_wconf 77' lang='lat' dir='ltr'><em>quomodo</em></span> <span class='ocrx_word' id='word_1_200' title='bbox 1164 1670 1320 1710; x_wconf 84' lang='lat' dir='ltr'><em>iterum</em></span> <span class='ocrx_word' id='word_1_201' title='bbox 1355 1671 1550 1711; x_wconf 82' lang='lat' dir='ltr'><em>vivemus</em></span> <span class='ocrx_word' id='word_1_202' title='bbox 1578 1672 1622 1711; x_wconf 88' lang='lat' dir='ltr'><em>in</em></span> <span class='ocrx_word' id='word_1_203' title='bbox 1655 1671 1727 1711; x_wconf 84' lang='lat' dir='ltr'><em>illo</em></span> <span class='ocrx_word' id='word_1_204' title='bbox 1742 1671 1764 1712; x_wconf 68' lang='lat'><em>?</em></span> <span class='ocrx_word' id='word_1_205' title='bbox 1808 1671 1867 1711; x_wconf 86' lang='lat' dir='ltr'><em>Et</em></span> <span class='ocrx_word' id='word_1_206' title='bbox 1905 1677 2006 1723; x_wconf 89' lang='lat' dir='ltr'><em>post</em></span> <span class='ocrx_word' id='word_1_207' title='bbox 2025 1683 2063 1702; x_wconf 83' lang='lat'><em>20</em></span> 
     </span>
     <span class='ocr_line' id='line_1_30' title="bbox 345 1737 2005 1790; baseline 0.002 -14"><span class='ocrx_word' id='word_1_208' title='bbox 345 1737 598 1790; x_wconf 79' lang='lat' dir='ltr'><em>aliquanta:</em></span> <span class='ocrx_word' id='word_1_209' title='bbox 646 1737 755 1787; x_wconf 75' lang='lat' dir='ltr'><em>Quis</em></span> <span class='ocrx_word' id='word_1_210' title='bbox 786 1752 870 1787; x_wconf 85' lang='lat' dir='ltr'><em>nos,</em></span> <span class='ocrx_word' id='word_1_211' title='bbox 893 1739 964 1787; x_wconf 84' lang='lat' dir='ltr'><em>ait,</em></span> <span class='ocrx_word' id='word_1_212' title='bbox 985 1738 1201 1790; x_wconf 73' lang='lat' dir='ltr'><em>separabit</em></span> <span class='ocrx_word' id='word_1_213' title='bbox 1230 1753 1257 1778; x_wconf 88' lang='lat' dir='ltr'><em>a</em></span> <span class='ocrx_word' id='word_1_214' title='bbox 1287 1739 1467 1779; x_wconf 84' lang='lat' dir='ltr'><em>caritate</em></span> <span class='ocrx_word' id='word_1_215' title='bbox 1493 1739 1692 1780; x_wconf 69' lang='lat' dir='ltr'><em>Christi?</em></span> <span class='ocrx_word' id='word_1_216' title='bbox 1742 1739 1964 1779; x_wconf 87' lang='lat' dir='ltr'><em>tribulatio</em></span> <span class='ocrx_word' id='word_1_217' title='bbox 1983 1740 2005 1780; x_wconf 71' lang='lat'><em>?</em></span> 
     </span>
     <span class='ocr_line' id='line_1_31' title="bbox 344 1806 2008 1860; baseline 0.001 -15"><span class='ocrx_word' id='word_1_218' title='bbox 344 1820 400 1845; x_wconf 90' lang='lat' dir='ltr'><em>an</em></span> <span class='ocrx_word' id='word_1_219' title='bbox 423 1806 627 1858; x_wconf 68' lang='lat' dir='ltr'><em>angustia</em></span> <span class='ocrx_word' id='word_1_220' title='bbox 643 1807 664 1847; x_wconf 68' lang='lat' dir='ltr'><em>J?</em></span> <span class='ocrx_word' id='word_1_221' title='bbox 694 1821 751 1846; x_wconf 85' lang='lat' dir='ltr'><em>an</em></span> <span class='ocrx_word' id='word_1_222' title='bbox 764 1807 996 1858; x_wconf 81' lang='lat' dir='ltr'><em>persecutio</em></span> <span class='ocrx_word' id='word_1_223' title='bbox 1012 1807 1034 1847; x_wconf 71' lang='lat' dir='ltr'><em>f?</em></span> <span class='ocrx_word' id='word_1_224' title='bbox 1064 1821 1120 1846; x_wconf 91' lang='lat' dir='ltr'><em>an</em></span> <span class='ocrx_word' id='word_1_225' title='bbox 1130 1808 1279 1858; x_wconf 86' lang='lat' dir='ltr'><em>fames</em></span> <span class='ocrx_word' id='word_1_226' title='bbox 1295 1808 1316 1848; x_wconf 71' lang='lat'><em>?</em></span> <span class='ocrx_word' id='word_1_227' title='bbox 1347 1822 1404 1847; x_wconf 86' lang='lat' dir='ltr'><em>an</em></span> <span class='ocrx_word' id='word_1_228' title='bbox 1423 1807 1636 1848; x_wconf 71' lang='lat' dir='ltr'><em>nuditas?</em></span> <span class='ocrx_word' id='word_1_229' title='bbox 1666 1822 1724 1848; x_wconf 90' lang='lat' dir='ltr'><em>an</em></span> <span class='ocrx_word' id='word_1_230' title='bbox 1732 1808 1971 1860; x_wconf 82' lang='lat' dir='ltr'><em>periculum</em></span> <span class='ocrx_word' id='word_1_231' title='bbox 1987 1808 2008 1848; x_wconf 70' lang='lat'><em>?</em></span> 
     </span>
     <span class='ocr_line' id='line_1_32' title="bbox 345 1874 2008 1928; baseline 0.001 -14"><span class='ocrx_word' id='word_1_232' title='bbox 345 1890 401 1914; x_wconf 91' lang='lat' dir='ltr'><em>an</em></span> <span class='ocrx_word' id='word_1_233' title='bbox 429 1875 609 1927; x_wconf 74' lang='lat' dir='ltr'><em>gladius</em></span> <span class='ocrx_word' id='word_1_234' title='bbox 625 1876 646 1916; x_wconf 69' lang='lat'><strong><em>?</em></strong></span> <span class='ocrx_word' id='word_1_235' title='bbox 709 1874 854 1927; x_wconf 73' lang='lat' dir='ltr'><em>Quem</em></span> <span class='ocrx_word' id='word_1_236' title='bbox 887 1882 1095 1925; x_wconf 77' lang='lat' dir='ltr'><em>vestrum,</em></span> <span class='ocrx_word' id='word_1_237' title='bbox 1118 1889 1294 1928; x_wconf 78' lang='lat' dir='ltr'><em>quaeso,</em></span> <span class='ocrx_word' id='word_1_238' title='bbox 1317 1876 1416 1916; x_wconf 81' lang='lat' dir='ltr'><em>talis</em></span> <span class='ocrx_word' id='word_1_239' title='bbox 1440 1876 1597 1916; x_wconf 87' lang='lat' dir='ltr'><em>intimo</em></span> <span class='ocrx_word' id='word_1_240' title='bbox 1619 1877 1751 1916; x_wconf 88' lang='lat' dir='ltr'><em>corde</em></span> <span class='ocrx_word' id='word_1_241' title='bbox 1774 1875 2008 1928; x_wconf 82' lang='lat' dir='ltr'>occupabit</span> 
     </span>
     <span class='ocr_line' id='line_1_33' title="bbox 345 1944 2005 1997; baseline 0.001 -13"><span class='ocrx_word' id='word_1_242' title='bbox 345 1944 540 1994; x_wconf 77' lang='lat' dir='ltr'><em>affectus,</em></span> <span class='ocrx_word' id='word_1_243' title='bbox 574 1944 647 1996; x_wconf 85' lang='lat' dir='ltr'><em>qui</em></span> <span class='ocrx_word' id='word_1_244' title='bbox 687 1958 773 1983; x_wconf 91' lang='lat' dir='ltr'><em>non</em></span> <span class='ocrx_word' id='word_1_245' title='bbox 810 1945 943 1984; x_wconf 90' lang='lat' dir='ltr'><em>modo</em></span> <span class='ocrx_word' id='word_1_246' title='bbox 979 1958 1057 1997; x_wconf 83' lang='lat' dir='ltr'><em>pro</em></span> <span class='ocrx_word' id='word_1_247' title='bbox 1091 1945 1257 1997; x_wconf 79' lang='lat' dir='ltr'><em>pietate</em></span> <span class='ocrx_word' id='word_1_248' title='bbox 1300 1959 1385 1984; x_wconf 87' lang='lat' dir='ltr'><em>non</em></span> <span class='ocrx_word' id='word_1_249' title='bbox 1425 1945 1647 1994; x_wconf 74' lang='lat' dir='ltr'><em>laboratis,</em></span> <span class='ocrx_word' id='word_1_250' title='bbox 1671 1946 1746 1985; x_wconf 88' lang='lat' dir='ltr'><em>sed</em></span> <span class='ocrx_word' id='word_1_251' title='bbox 1782 1945 1918 1985; x_wconf 80' lang='lat' dir='ltr'><em>etiam</em></span> <span class='ocrx_word' id='word_1_252' title='bbox 1956 1951 2005 1984; x_wconf 87' lang='lat' dir='ltr'><em>ut</em></span> 
     </span>
     <span class='ocr_line' id='line_1_34' title="bbox 345 2013 2062 2066; baseline 0.001 -13"><span class='ocrx_word' id='word_1_253' title='bbox 345 2014 494 2066; x_wconf 83' lang='lat' dir='ltr'><em>inique</em></span> <span class='ocrx_word' id='word_1_254' title='bbox 525 2013 666 2065; x_wconf 76' lang='lat' dir='ltr'><em>agatis</em></span> <span class='ocrx_word' id='word_1_255' title='bbox 699 2020 742 2053; x_wconf 89' lang='lat' dir='ltr'><em>et</em></span> <span class='ocrx_word' id='word_1_256' title='bbox 775 2013 1001 2054; x_wconf 82' lang='lat' dir='ltr'><em>Christum</em></span> <span class='ocrx_word' id='word_1_257' title='bbox 1035 2013 1283 2063; x_wconf 77' lang='lat' dir='ltr'><em>offendatis,</em></span> <span class='ocrx_word' id='word_1_258' title='bbox 1317 2013 1456 2054; x_wconf 81' lang='lat' dir='ltr'>multa</span> <span class='ocrx_word' id='word_1_259' title='bbox 1489 2015 1727 2066; x_wconf 78' lang='lat' dir='ltr'><em>patimini?</em></span> <span class='ocrx_word' id='word_1_260' title='bbox 1769 2014 1854 2054; x_wconf 89' lang='lat' dir='ltr'><em>Vel</em></span> <span class='ocrx_word' id='word_1_261' title='bbox 1887 2014 2005 2066; x_wconf 86' lang='lat' dir='ltr'><em>quod</em></span> <span class='ocrx_word' id='word_1_262' title='bbox 2025 2027 2062 2055; x_wconf 85' lang='lat'><em>25</em></span> 
     </span>
     <span class='ocr_line' id='line_1_35' title="bbox 347 2083 2008 2136; baseline 0.001 -14"><span class='ocrx_word' id='word_1_263' title='bbox 347 2084 568 2136; x_wconf 80' lang='lat' dir='ltr'><em>sequitur:</em></span> <span class='ocrx_word' id='word_1_264' title='bbox 615 2083 717 2123; x_wconf 68' lang='lat' dir='ltr'><em>Nox</em></span> <span class='ocrx_word' id='word_1_265' title='bbox 738 2084 978 2136; x_wconf 77' lang='lat' dir='ltr'><em>praecessit,</em></span> <span class='ocrx_word' id='word_1_266' title='bbox 1015 2083 1106 2123; x_wconf 84' lang='lat' dir='ltr'><em>dies</em></span> <span class='ocrx_word' id='word_1_267' title='bbox 1140 2090 1282 2123; x_wconf 86' lang='lat' dir='ltr'><em>autem</em></span> <span class='ocrx_word' id='word_1_268' title='bbox 1319 2084 1691 2136; x_wconf 73' lang='lat' dir='ltr'><em>appropinquavit.</em></span> <span class='ocrx_word' id='word_1_269' title='bbox 1753 2083 2008 2123; x_wconf 80' lang='lat' dir='ltr'><em>Abiciamus</em></span> 
     </span>
     <span class='ocr_line' id='line_1_36' title="bbox 342 2151 2009 2204; baseline 0.001 -13"><span class='ocrx_word' id='word_1_270' title='bbox 342 2166 438 2204; x_wconf 58' lang='lat' dir='ltr'><em>engo</em></span> <span class='ocrx_word' id='word_1_271' title='bbox 460 2159 584 2204; x_wconf 86' lang='lat' dir='ltr'><em>opera</em></span> <span class='ocrx_word' id='word_1_272' title='bbox 615 2151 886 2192; x_wconf 82' lang='lat' dir='ltr'><em>tenebrarum</em></span> <span class='ocrx_word' id='word_1_273' title='bbox 908 2158 947 2191; x_wconf 86' lang='lat' dir='ltr'><em>ct</em></span> <span class='ocrx_word' id='word_1_274' title='bbox 977 2151 1212 2191; x_wconf 74' lang='lat' dir='ltr'><em>induamus</em></span> <span class='ocrx_word' id='word_1_275' title='bbox 1232 2166 1360 2192; x_wconf 85' lang='lat' dir='ltr'><em>arma</em></span> <span class='ocrx_word' id='word_1_276' title='bbox 1391 2152 1497 2192; x_wconf 88' lang='lat' dir='ltr'><em>lucis</em></span> <span class='ocrx_word' id='word_1_277' title='bbox 1516 2152 1577 2191; x_wconf 90' lang='lat' dir='ltr'><em>sic</em></span> <span class='ocrx_word' id='word_1_278' title='bbox 1606 2158 1655 2192; x_wconf 88' lang='lat' dir='ltr'><em>ut</em></span> <span class='ocrx_word' id='word_1_279' title='bbox 1675 2152 1720 2192; x_wconf 85' lang='lat' dir='ltr'><em>in</em></span> <span class='ocrx_word' id='word_1_280' title='bbox 1753 2152 1820 2192; x_wconf 87' lang='lat' dir='ltr'><em>die</em></span> <span class='ocrx_word' id='word_1_281' title='bbox 1841 2152 2009 2192; x_wconf 71' lang='lat' dir='ltr'><em>noneste</em></span> 
     </span>
     <span class='ocr_line' id='line_1_37' title="bbox 343 2220 2009 2270; baseline -0.001 -9"><span class='ocrx_word' id='word_1_282' title='bbox 343 2221 618 2268; x_wconf 86' lang='lat' dir='ltr'><em>ambulemus,</em></span> <span class='ocrx_word' id='word_1_283' title='bbox 642 2235 723 2260; x_wconf 88' lang='lat' dir='ltr'><em>non</em></span> <span class='ocrx_word' id='word_1_284' title='bbox 746 2220 791 2260; x_wconf 90' lang='lat' dir='ltr'><em>in</em></span> <span class='ocrx_word' id='word_1_285' title='bbox 827 2221 1197 2261; x_wconf 82' lang='lat' dir='ltr'><em>comessationibus</em></span> <span class='ocrx_word' id='word_1_286' title='bbox 1228 2227 1269 2260; x_wconf 92' lang='lat' dir='ltr'><em>et</em></span> <span class='ocrx_word' id='word_1_287' title='bbox 1300 2220 1583 2270; x_wconf 87' lang='lat' dir='ltr'><em>ebrietatibus,</em></span> <span class='ocrx_word' id='word_1_288' title='bbox 1605 2235 1687 2260; x_wconf 90' lang='lat' dir='ltr'><em>non</em></span> <span class='ocrx_word' id='word_1_289' title='bbox 1722 2221 1766 2260; x_wconf 89' lang='lat' dir='ltr'><em>in</em></span> <span class='ocrx_word' id='word_1_290' title='bbox 1803 2220 2009 2260; x_wconf 84' lang='lat' dir='ltr'><em>cubilibus</em></span> 
     </span>
     <span class='ocr_line' id='line_1_38' title="bbox 342 2289 2010 2342; baseline -0.001 -12"><span class='ocrx_word' id='word_1_291' title='bbox 342 2296 382 2330; x_wconf 84' lang='lat' dir='ltr'><em>et</em></span> <span class='ocrx_word' id='word_1_292' title='bbox 422 2289 714 2342; x_wconf 80' lang='lat' dir='ltr'><em>impudicitiis,</em></span> <span class='ocrx_word' id='word_1_293' title='bbox 757 2304 838 2329; x_wconf 89' lang='lat' dir='ltr'><em>non</em></span> <span class='ocrx_word' id='word_1_294' title='bbox 891 2289 935 2329; x_wconf 91' lang='lat' dir='ltr'><em>in</em></span> <span class='ocrx_word' id='word_1_295' title='bbox 987 2290 1245 2330; x_wconf 81' lang='lat' dir='ltr'><em>contentione</em></span> <span class='ocrx_word' id='word_1_296' title='bbox 1295 2296 1335 2330; x_wconf 87' lang='lat' dir='ltr'><em>et</em></span> <span class='ocrx_word' id='word_1_297' title='bbox 1383 2290 1679 2339; x_wconf 83' lang='lat' dir='ltr'><em>aemulatione,</em></span> <span class='ocrx_word' id='word_1_298' title='bbox 1719 2290 1797 2330; x_wconf 90' lang='lat' dir='ltr'><em>sed</em></span> <span class='ocrx_word' id='word_1_299' title='bbox 1842 2289 2010 2330; x_wconf 87' lang='lat' dir='ltr'><em>induite</em></span> 
     </span>
     <span class='ocr_line' id='line_1_39' title="bbox 342 2357 2063 2409; baseline -0.001 -11"><span class='ocrx_word' id='word_1_300' title='bbox 342 2359 579 2398; x_wconf 84' lang='lat' dir='ltr'><em>Dominum</em></span> <span class='ocrx_word' id='word_1_301' title='bbox 614 2358 643 2398; x_wconf 85' lang='lat' dir='ltr'><em>l</em></span> <span class='ocrx_word' id='word_1_302' title='bbox 640 2372 756 2398; x_wconf 85' lang='lat' dir='ltr'><em>esum</em></span> <span class='ocrx_word' id='word_1_303' title='bbox 795 2357 1015 2399; x_wconf 69' lang='lat' dir='ltr'><em>Christum</em></span> <span class='ocrx_word' id='word_1_304' title='bbox 1049 2365 1089 2398; x_wconf 87' lang='lat' dir='ltr'><em>ct</em></span> <span class='ocrx_word' id='word_1_305' title='bbox 1119 2358 1264 2398; x_wconf 88' lang='lat' dir='ltr'><em>carnis</em></span> <span class='ocrx_word' id='word_1_306' title='bbox 1296 2372 1444 2398; x_wconf 75' lang='lat' dir='ltr'><em>curant</em></span> <span class='ocrx_word' id='word_1_307' title='bbox 1479 2372 1529 2398; x_wconf 83' lang='lat' dir='ltr'><em>ne</em></span> <span class='ocrx_word' id='word_1_308' title='bbox 1551 2357 1747 2409; x_wconf 82' lang='lat' dir='ltr'><em>feceritis</em></span> <span class='ocrx_word' id='word_1_309' title='bbox 1783 2357 1828 2397; x_wconf 90' lang='lat' dir='ltr'><em>in</em></span> <span class='ocrx_word' id='word_1_310' title='bbox 1864 2371 2005 2397; x_wconf 90' lang='lat' dir='ltr'><em>concu-</em></span> <span class='ocrx_word' id='word_1_311' title='bbox 2025 2373 2063 2401; x_wconf 84' lang='lat'><em>30</em></span> 
     </span>
     <span class='ocr_line' id='line_1_40' title="bbox 330 2428 561 2481; baseline 0 -13"><span class='ocrx_word' id='word_1_312' title='bbox 330 2428 561 2481; x_wconf 82' lang='lat' dir='ltr'><em>pisccntiis.</em></span> 
     </span>
    </p>

    <p class='ocr_par' dir='ltr' id='par_1_12' title="bbox 340 2495 2122 2893">
     <span class='ocr_line' id='line_1_41' title="bbox 432 2495 2122 2549; baseline -0.001 -13"><span class='ocrx_word' id='word_1_313' title='bbox 432 2497 488 2536; x_wconf 82' lang='lat' dir='ltr'><em>Et</em></span> <span class='ocrx_word' id='word_1_314' title='bbox 513 2498 667 2536; x_wconf 84' lang='lat' dir='ltr'><em>iterum</em></span> <span class='ocrx_word' id='word_1_315' title='bbox 692 2497 745 2536; x_wconf 77' lang='lat' dir='ltr'><em>ad</em></span> <span class='ocrx_word' id='word_1_316' title='bbox 771 2496 1023 2537; x_wconf 81' lang='lat' dir='ltr'>Corinthios</span> <span class='ocrx_word' id='word_1_317' title='bbox 1057 2497 1098 2536; x_wconf 94' lang='lat' dir='ltr'><em>in</em></span> <span class='ocrx_word' id='word_1_318' title='bbox 1133 2497 1274 2549; x_wconf 77' lang='lat' dir='ltr'><em>prima</em></span> <span class='ocrx_word' id='word_1_319' title='bbox 1305 2496 1503 2549; x_wconf 80' lang='lat' dir='ltr'><em>epistola.</em></span> <span class='ocrx_word' id='word_1_320' title='bbox 1573 2496 1633 2537; x_wconf 87' lang='lat' dir='ltr'><em>Ut</em></span> <span class='ocrx_word' id='word_1_321' title='bbox 1650 2496 1830 2548; x_wconf 82' lang='lat' dir='ltr'><em>sapiens,</em></span> <span class='ocrx_word' id='word_1_322' title='bbox 1852 2495 2005 2547; x_wconf 84' lang='lat' dir='ltr'><em>inquit,</em></span> <span class='ocrx_word' id='word_1_323' title='bbox 2033 2504 2122 2534; x_wconf 88' lang='lat' dir='ltr'><em>IOO</em></span> 
     </span>
     <span class='ocr_line' id='line_1_42' title="bbox 340 2564 2006 2617; baseline -0.001 -12"><span class='ocrx_word' id='word_1_324' title='bbox 340 2566 592 2606; x_wconf 71' lang='lat' dir='ltr'><em>architectus</em></span> <span class='ocrx_word' id='word_1_325' title='bbox 608 2565 953 2617; x_wconf 82' lang='lat' dir='ltr'><em>fundamentum</em></span> <span class='ocrx_word' id='word_1_326' title='bbox 978 2566 1118 2617; x_wconf 88' lang='lat' dir='ltr'><em>posui,</em></span> <span class='ocrx_word' id='word_1_327' title='bbox 1155 2566 1266 2605; x_wconf 83' lang='lat' dir='ltr'><em>alter</em></span> <span class='ocrx_word' id='word_1_328' title='bbox 1293 2565 1626 2617; x_wconf 85' lang='lat' dir='ltr'><em>superaedificat.</em></span> <span class='ocrx_word' id='word_1_329' title='bbox 1705 2564 2006 2616; x_wconf 83' lang='lat' dir='ltr'><em>Unusquisque</em></span> 
     </span>
     <span class='ocr_line' id='line_1_43' title="bbox 341 2631 2010 2686; baseline -0.002 -12"><span class='ocrx_word' id='word_1_330' title='bbox 341 2641 482 2674; x_wconf 66' lang='lat' dir='ltr'><em>autem</em></span> <span class='ocrx_word' id='word_1_331' title='bbox 520 2634 675 2683; x_wconf 68' lang='lat' dir='ltr'><em>videat,</em></span> <span class='ocrx_word' id='word_1_332' title='bbox 712 2634 914 2686; x_wconf 79' lang='lat' dir='ltr'><em>quomodo</em></span> <span class='ocrx_word' id='word_1_333' title='bbox 949 2633 1276 2686; x_wconf 71' lang='lat' dir='ltr'><em>superaedificet.</em></span> <span class='ocrx_word' id='word_1_334' title='bbox 1340 2633 1690 2672; x_wconf 81' lang='lat' dir='ltr'><em>Fundamentum</em></span> <span class='ocrx_word' id='word_1_335' title='bbox 1726 2632 1839 2671; x_wconf 75' lang='lat' dir='ltr'><em>enim</em></span> <span class='ocrx_word' id='word_1_336' title='bbox 1881 2631 2010 2670; x_wconf 75' lang='lat' dir='ltr'><em>aliud</em></span> 
     </span>
     <span class='ocr_line' id='line_1_44' title="bbox 342 2699 2058 2755; baseline -0.001 -13"><span class='ocrx_word' id='word_1_337' title='bbox 342 2717 459 2742; x_wconf 73' lang='lat' dir='ltr'><em>nemo</em></span> <span class='ocrx_word' id='word_1_338' title='bbox 500 2709 639 2755; x_wconf 75' lang='lat' dir='ltr'><em>potest</em></span> <span class='ocrx_word' id='word_1_339' title='bbox 659 2710 815 2754; x_wconf 72' lang='lat' dir='ltr'><em>ponere</em></span> <span class='ocrx_word' id='word_1_340' title='bbox 846 2709 1024 2754; x_wconf 82' lang='lat' dir='ltr'><em>practer</em></span> <span class='ocrx_word' id='word_1_341' title='bbox 1059 2702 1110 2742; x_wconf 83' lang='lat' dir='ltr'><em>id</em></span> <span class='ocrx_word' id='word_1_342' title='bbox 1145 2701 1261 2754; x_wconf 79' lang='lat' dir='ltr'><em>quod</em></span> <span class='ocrx_word' id='word_1_343' title='bbox 1295 2708 1357 2741; x_wconf 89' lang='lat' dir='ltr'><em>est</em></span> <span class='ocrx_word' id='word_1_344' title='bbox 1388 2702 1509 2741; x_wconf 81' lang='lat' dir='ltr'><em>lesus</em></span> <span class='ocrx_word' id='word_1_345' title='bbox 1548 2700 1755 2742; x_wconf 64' lang='lat' dir='ltr'><em>Christus.</em></span> <span class='ocrx_word' id='word_1_346' title='bbox 1821 2700 1879 2739; x_wconf 77' lang='lat' dir='ltr'><em>Si</em></span> <span class='ocrx_word' id='word_1_347' title='bbox 1908 2699 2005 2751; x_wconf 79' lang='lat' dir='ltr'><em>quis</em></span> <span class='ocrx_word' id='word_1_348' title='bbox 2022 2713 2058 2740; x_wconf 79' lang='grc'><em>35</em></span> 
     </span>
     <span class='ocr_line' id='line_1_45' title="bbox 341 2768 2002 2824; baseline -0.003 -13"><span class='ocrx_word' id='word_1_349' title='bbox 341 2779 482 2811; x_wconf 76' lang='lat' dir='ltr'><em>autem</em></span> <span class='ocrx_word' id='word_1_350' title='bbox 504 2772 821 2824; x_wconf 76' lang='lat' dir='ltr'><em>superaedificet</em></span> <span class='ocrx_word' id='word_1_351' title='bbox 840 2778 968 2823; x_wconf 80' lang='lat' dir='ltr'><em>super</em></span> <span class='ocrx_word' id='word_1_352' title='bbox 987 2771 1061 2810; x_wconf 78' lang='lat' dir='ltr'><em>ltoc</em></span> <span class='ocrx_word' id='word_1_353' title='bbox 1090 2785 1247 2810; x_wconf 85' lang='lat' dir='ltr'><em>aurum</em></span> <span class='ocrx_word' id='word_1_354' title='bbox 1270 2777 1310 2810; x_wconf 86' lang='lat' dir='ltr'><em>ct</em></span> <span class='ocrx_word' id='word_1_355' title='bbox 1339 2776 1578 2822; x_wconf 63' lang='lat' dir='ltr'><em>mgentum,</em></span> <span class='ocrx_word' id='word_1_356' title='bbox 1600 2769 1761 2821; x_wconf 82' lang='lat' dir='ltr'><em>lapides</em></span> <span class='ocrx_word' id='word_1_357' title='bbox 1783 2768 2002 2820; x_wconf 72' lang='lat' dir='ltr'><em>pretiosos,</em></span> 
     </span>
     <span class='ocr_line' id='line_1_46' title="bbox 340 2836 2004 2893; baseline -0.003 -13"><span class='ocrx_word' id='word_1_358' title='bbox 340 2841 472 2892; x_wconf 55' lang='lat' dir='ltr'><em>ligna,</em></span> <span class='ocrx_word' id='word_1_359' title='bbox 491 2842 688 2892; x_wconf 80' lang='lat' dir='ltr'><em>faenum,</em></span> <span class='ocrx_word' id='word_1_360' title='bbox 720 2841 936 2893; x_wconf 79' lang='lat' dir='ltr'><em>stipulam,</em></span> <span class='ocrx_word' id='word_1_361' title='bbox 969 2839 1296 2892; x_wconf 79' lang='lat' dir='ltr'><em>unumquodque</em></span> <span class='ocrx_word' id='word_1_362' title='bbox 1327 2846 1427 2891; x_wconf 81' lang='lat' dir='ltr'><em>opus</em></span> <span class='ocrx_word' id='word_1_363' title='bbox 1458 2839 1734 2889; x_wconf 82' lang='lat' dir='ltr'><em>manifestum</em></span> <span class='ocrx_word' id='word_1_364' title='bbox 1771 2836 1878 2886; x_wconf 76' lang='lat' dir='ltr'><em>erit3</em></span> <span class='ocrx_word' id='word_1_365' title='bbox 1914 2836 2004 2875; x_wconf 84' lang='lat' dir='ltr'><em>dics</em></span> 
     </span>
    </p>
   </div>
   <div class='ocr_carea' id='block_1_10' title="bbox 339 2985 912 2992">
    <p class='ocr_par' dir='ltr' id='par_1_13' title="bbox 339 2985 912 2992">
     <span class='ocr_line' id='line_1_47' title="bbox 339 2985 912 2992; baseline 0 0"><span class='ocrx_word' id='word_1_366' title='bbox 339 2985 912 2992; x_wconf 95' lang='lat' dir='ltr'><em> </em></span> 
     </span>
    </p>
   </div>
   <div class='ocr_carea' id='block_1_11' title="bbox 335 3078 1999 3239">
    <p class='ocr_par' dir='ltr' id='par_1_14' title="bbox 335 3078 1999 3239">
     <span class='ocr_line' id='line_1_48' title="bbox 409 3078 1999 3124; baseline -0.001 -11"><span class='ocrx_word' id='word_1_367' title='bbox 409 3080 421 3102; x_wconf 78' lang='lat'>²</span> <span class='ocrx_word' id='word_1_368' title='bbox 447 3080 524 3114; x_wconf 81' lang='lat' dir='ltr'><em>Sed</em></span> <span class='ocrx_word' id='word_1_369' title='bbox 543 3081 654 3113; x_wconf 79' lang='lat' dir='ltr'><em>etiam</em></span> <span class='ocrx_word' id='word_1_370' title='bbox 673 3082 793 3124; x_wconf 79' lang='lat' dir='ltr'><em>ipsam</em></span> <span class='ocrx_word' id='word_1_371' title='bbox 813 3079 1009 3113; x_wconf 76' lang='lat' dir='ltr'><em>verborum</em></span> <span class='ocrx_word' id='word_1_372' title='bbox 1037 3080 1110 3113; x_wconf 85' lang='lat' dir='ltr'><em>Dei</em></span> <span class='ocrx_word' id='word_1_373' title='bbox 1131 3079 1330 3113; x_wconf 83' lang='lat' dir='ltr'><em>lectionem.</em></span> <span class='ocrx_word' id='word_1_374' title='bbox 1382 3079 1506 3113; x_wconf 82' lang='lat' dir='ltr'><em>These</em></span> <span class='ocrx_word' id='word_1_375' title='bbox 1525 3079 1645 3112; x_wconf 87' lang='lat' dir='ltr'><em>words</em></span> <span class='ocrx_word' id='word_1_376' title='bbox 1662 3078 1768 3112; x_wconf 85' lang='lat' dir='ltr'><em>mark</em></span> <span class='ocrx_word' id='word_1_377' title='bbox 1787 3079 1849 3112; x_wconf 87' lang='lat' dir='ltr'><em>the</em></span> <span class='ocrx_word' id='word_1_378' title='bbox 1868 3090 1999 3123; x_wconf 81' lang='lat' dir='ltr'><em>repug-</em></span> 
     </span>
     <span class='ocr_line' id='line_1_49' title="bbox 336 3136 1998 3182; baseline -0.001 -10"><span class='ocrx_word' id='word_1_379' title='bbox 336 3150 454 3172; x_wconf 82' lang='lat' dir='ltr'><em>nance</em></span> <span class='ocrx_word' id='word_1_380' title='bbox 473 3138 513 3172; x_wconf 90' lang='lat' dir='ltr'><em>of</em></span> <span class='ocrx_word' id='word_1_381' title='bbox 534 3149 604 3172; x_wconf 87' lang='lat' dir='ltr'><em>one</em></span> <span class='ocrx_word' id='word_1_382' title='bbox 624 3138 704 3171; x_wconf 86' lang='lat' dir='ltr'><em>who</em></span> <span class='ocrx_word' id='word_1_383' title='bbox 723 3138 831 3171; x_wconf 78' lang='lat' dir='ltr'><em>loved</em></span> <span class='ocrx_word' id='word_1_384' title='bbox 849 3138 912 3171; x_wconf 89' lang='lat' dir='ltr'><em>the</em></span> <span class='ocrx_word' id='word_1_385' title='bbox 930 3137 1078 3171; x_wconf 83' lang='lat' dir='ltr'><em>cloister</em></span> <span class='ocrx_word' id='word_1_386' title='bbox 1096 3136 1167 3178; x_wconf 81' lang='lat' dir='ltr'><em>life,</em></span> <span class='ocrx_word' id='word_1_387' title='bbox 1187 3137 1223 3170; x_wconf 92' lang='lat' dir='ltr'><em>in</em></span> <span class='ocrx_word' id='word_1_388' title='bbox 1243 3136 1361 3171; x_wconf 87' lang='lat' dir='ltr'>which</span> <span class='ocrx_word' id='word_1_389' title='bbox 1386 3137 1448 3171; x_wconf 92' lang='lat' dir='ltr'><em>the</em></span> <span class='ocrx_word' id='word_1_390' title='bbox 1475 3136 1630 3181; x_wconf 81' lang='lat' dir='ltr'><em>reading</em></span> <span class='ocrx_word' id='word_1_391' title='bbox 1653 3136 1788 3180; x_wconf 81' lang='lat' dir='ltr'><em>(lectio)</em></span> <span class='ocrx_word' id='word_1_392' title='bbox 1812 3137 1853 3170; x_wconf 89' lang='lat' dir='ltr'><em>of</em></span> <span class='ocrx_word' id='word_1_393' title='bbox 1877 3137 1998 3182; x_wconf 84' lang='lat' dir='ltr'>Scrip-</span> 
     </span>
     <span class='ocr_line' id='line_1_50' title="bbox 335 3194 1927 3239; baseline -0.001 -9"><span class='ocrx_word' id='word_1_394' title='bbox 335 3203 413 3230; x_wconf 79' lang='lat' dir='ltr'><em>ture</em></span> <span class='ocrx_word' id='word_1_395' title='bbox 431 3196 573 3229; x_wconf 84' lang='lat' dir='ltr'><em>formed</em></span> <span class='ocrx_word' id='word_1_396' title='bbox 592 3207 632 3229; x_wconf 88' lang='lat' dir='ltr'><em>so</em></span> <span class='ocrx_word' id='word_1_397' title='bbox 651 3195 852 3239; x_wconf 80' lang='lat' dir='ltr'><em>important</em></span> <span class='ocrx_word' id='word_1_398' title='bbox 869 3207 891 3230; x_wconf 87' lang='lat' dir='ltr'>a</span> <span class='ocrx_word' id='word_1_399' title='bbox 909 3202 1000 3239; x_wconf 85' lang='lat' dir='ltr'><em>part,</em></span> <span class='ocrx_word' id='word_1_400' title='bbox 1019 3194 1166 3238; x_wconf 78' lang='lat' dir='ltr'><em>against</em></span> <span class='ocrx_word' id='word_1_401' title='bbox 1186 3195 1205 3211; x_wconf 80' lang='lat'><em>‘⁴</em></span> <span class='ocrx_word' id='word_1_402' title='bbox 1220 3195 1382 3229; x_wconf 79' lang='lat' dir='ltr'><em>secular¹&#39;</em></span> <span class='ocrx_word' id='word_1_403' title='bbox 1401 3194 1553 3239; x_wconf 86' lang='lat' dir='ltr'><em>bishops</em></span> <span class='ocrx_word' id='word_1_404' title='bbox 1574 3195 1654 3229; x_wconf 89' lang='lat' dir='ltr'><em>who</em></span> <span class='ocrx_word' id='word_1_405' title='bbox 1672 3195 1868 3239; x_wconf 78' lang='lat' dir='ltr'><em>neglected</em></span> <span class='ocrx_word' id='word_1_406' title='bbox 1891 3194 1927 3229; x_wconf 84' lang='lat' dir='ltr'><em>it.</em></span> 
     </span>
    </p>
   </div>
  </div>
 </body>
</html>
