2173 3556
445 307 534 338 100
939 286 1017 338 De
1044 285 1253 339 Excidio
1278 286 1593 338 Britanniae.

150 439 270 468 ISam.
294 448 341 472 xv,
365 449 410 468 20.
437 427 567 465 moris
591 432 669 474 cst,
706 427 923 479 sagaciter
954 426 1036 467 hoc
1071 428 1204 467 modo
1238 427 1546 467 adnectentem
1571 442 1577 466 :
1611 426 1741 466 immo
1773 425 1930 465 audivi
1957 438 2093 465 vocem

148 575 158 602 Ι
178 576 265 604 Sam.
288 586 334 608 xv,
361 586 408 610 22,

185 624 229 652 23.

146 974 157 1002 Ι
176 976 263 1003 Sam.
286 985 333 1009 xv,
359 978 406 1009 28,

186 1023 233 1051 '²9-

136 1784 166 1812 11
199 1789 284 1815 Sam.
318 1789 397 1821 xxiv,

178 1835 274 1863 12-17.

433 496 618 536 Domini
635 503 675 536 et
694 496 922 536 ambulavi
939 496 983 535 in
1007 496 1091 545 via,
1103 503 1186 548 per
1204 510 1333 548 quam
1364 495 1486 535 misit
1507 509 1581 544 me,
1610 495 1686 535 tali
1715 495 2094 535 animadversione

434 564 645 604 multavit.
708 564 944 617 Numquid
961 564 1066 612 vult,
1089 564 1242 616 inquit,
1275 563 1493 603 Dominus
1523 563 1763 602 holocausta
1789 569 1867 602 aut
1896 562 2096 602 victimas

430 639 471 673 et
483 647 564 673 non
577 634 736 685 potius,
758 640 806 673 ut
826 633 1073 674 oboediatur
1092 633 1185 672 voci
1202 632 1425 672 Domini?
1455 632 1603 672 melior
1621 638 1682 671 est
1701 632 1814 671 enim
1837 631 2094 671 oboedientia

430 717 558 754 quam
607 703 814 752 victimae,
865 710 906 742 et
935 703 1089 742 audire
1132 703 1275 753 magis
1305 716 1434 754 quam
1486 701 1636 752 offerre
1685 701 1850 753 adipem
1895 701 2092 749 arietum,
2134 712 2150 740 5

429 772 630 823 quoniam
671 772 783 811 sicut
811 778 1029 823 peccatum
1076 770 1300 810 ariolandi
1339 776 1401 810 est
1444 777 1679 821 repugnare
1721 776 1761 809 et
1795 769 1923 820 quasi
1963 769 2094 808 scelus

429 839 670 879 idolatriae¹
694 840 799 880 nolle
821 839 1093 892 adquiescere.
1153 839 1243 878 Pro
1274 852 1317 878 eo
1349 851 1457 889 elge,
1489 837 1604 889 quod
1635 837 1827 877 abiecisli
1858 851 2090 876 sermonem

429 908 621 957 Domini,
654 909 804 949 abiecil
843 915 884 949 et
916 916 964 958 le,
1002 923 1051 949 ne
1081 908 1142 948 sis
1164 922 1244 948 rex.
1310 908 1368 947 Et
1404 915 1504 960 post
1543 921 1708 959 pauca:
1744 906 1896 955 Scidit,
1939 907 2090 958 inquit,

429 977 547 1017 Deus
569 991 746 1029 regnum
779 977 951 1018 Isralzel
968 992 994 1017 a
1017 984 1055 1017 te
1076 977 1197 1017 bodie
1219 984 1259 1017 et
1278 976 1398 1016 dedit
1419 975 1533 1016 illud
1541 976 1741 1028 proximo
1763 982 1833 1015 tuo
1856 975 2024 1014 meliori
2041 981 2088 1014 le.

426 1045 565 1085 Porro
586 1046 879 1096 triumphator
907 1046 952 1086 in
975 1045 1148 1086 Israhel
1166 1060 1246 1085 non
1258 1052 1410 1098 parcet
1433 1052 1474 1084 et
1484 1045 1768 1096 paenitudine
1790 1059 1871 1084 non
1882 1044 2089 1098 flectetur,
2112 1055 2148 1074 10

425 1128 553 1166 neque
573 1115 686 1154 enim
707 1115 828 1155 llomo
849 1121 919 1163 est,
935 1121 983 1155 nt
1003 1121 1108 1167 agat
1117 1113 1451 1167 paenz'tentz'anss
1466 1129 1484 1161 ,·
1507 1113 1768 1153 subauditur
1787 1128 1794 1152 ε
1817 1126 1948 1165 super
1969 1112 2088 1152 duris

427 1182 641 1222 malorum
666 1183 944 1236 praecordiis.

513 1249 772 1290 Notandum
797 1264 900 1302 ergo
923 1256 1001 1299 est,
1024 1250 1142 1302 quod
1170 1249 1285 1289 dixit
1316 1248 1455 1288 scelus
1480 1247 1709 1288 idolatriae
1732 1260 1827 1287 esse
1850 1246 1966 1286 nolle
1990 1246 2088 1286 Deo

423 1317 716 1370 adquiescere.
783 1319 882 1358 Non
909 1319 990 1358 sibi
1028 1318 1227 1358 scelerati
1266 1318 1349 1367 isti,
1383 1318 1489 1357 dum
1524 1330 1611 1356 non
1649 1317 1848 1369 gentium
1887 1316 1970 1356 diis
1993 1330 2086 1368 per-

422 1386 571 1438 spicue
594 1386 733 1435 litant,
757 1386 1068 1439 subplaudant,
1102 1387 1319 1439 siquidem
1355 1385 1665 1426 conculcantes
1698 1399 1930 1438 porcorum
1968 1399 2087 1425 more
2112 1397 2147 1424 15

422 1455 761 1507 pretiosissimas
785 1455 948 1496 Christi
974 1453 1508 1508 margaritas,id01atrae.1

510 1523 597 1564 Sed
622 1524 722 1564 licet
743 1524 826 1564 hoc
849 1538 984 1564 unum
1022 1524 1293 1577 exemplum,
1316 1538 1366 1564 ac
1398 1525 1432 1563 si
1469 1524 1657 1564 invictus
1681 1524 2007 1576 adstipulator,3
2031 1525 2084 1564 ad
2112 1528 2173 1572 39

421 1591 702 1643 corrigendos
741 1593 915 1645 iniquos
952 1593 1130 1633 abunde
1152 1593 1383 1642 sufficeret,
1406 1599 1568 1641 tamen,
1604 1600 1651 1632 ut
1681 1593 1724 1632 in
1748 1606 1822 1632 ore
1846 1593 2085 1633 multorum

422 1661 600 1700 testium
644 1675 777 1701 omne
820 1662 1134 1714 comprobetur
1185 1662 1441 1702 Britanniae
1485 1662 1663 1710 malum,
1711 1668 1988 1701 transeamus
2031 1661 2086 1701 ad

420 1736 576 1773 cetera,
638 1730 758 1783 Quid
794 1730 940 1770 David
974 1732 1249 1771 numerando
1273 1731 1487 1784 populum
1511 1731 1687 1771 evenit?
1709 1731 1884 1770 dicente
1907 1731 1961 1770 ad
1986 1744 2086 1770 eum
2108 1737 2147 1757 20

420 1796 638 1847 propheta
661 1796 799 1836 Gaad.
862 1797 983 1836 Haec
1001 1797 1105 1837 dicit
1126 1797 1373 1837 Dominus:
1406 1797 1540 1837 trium
1563 1797 1647 1836 tibi
1663 1797 1772 1848 optio
1793 1797 1928 1836 datur
1940 1812 1954 1837 .·
1984 1797 2090 1848 elzge

419 1879 553 1904 umzm
586 1865 701 1917 quod
726 1865 908 1905 volueris
929 1880 980 1906 ex
999 1866 1067 1905 llis
1089 1866 1319 1917 alsaciam
1344 1865 1431 1905 tibi.
1508 1866 1607 1905 siut
1625 1872 1778 1917 septeni
1801 1865 1931 1905 annis
1951 1864 2091 1905 veniet

418 1933 499 1973 libi
518 1934 678 1985 fames,
712 1940 791 1973 aul
825 1934 962 1974 tribus
999 1934 1211 1974 mensibus
1238 1934 1392 1987 ficgies
1423 1934 1695 1974 adversarios
1736 1940 1828 1973 tuos
1867 1941 1907 1973 et
1947 1933 2018 1973 illi
2051 1940 2089 1973 le

407 2009 728 2054 persequentur,
764 2009 843 2042 aul
872 2010 978 2043 certe
1019 2003 1157 2042 tribus
1190 2002 1336 2042 diebus
1371 2003 1455 2042 erit
1484 2003 1733 2055 peslilentia
1767 2003 1813 2042 in
1851 2009 1966 2042 terra
2003 2009 2085 2042 lua.

420 2071 535 2110 Nam
571 2078 740 2111 artatus
778 2071 854 2111 tali
889 2072 1148 2112 condicione
1183 2078 1225 2112 et
1262 2071 1414 2112 volens
1450 2073 1590 2122 magis
1626 2072 1817 2111 incidere
1854 2072 1896 2111 in
1931 2085 2087 2111 manus
2106 2083 2142 2112 25

419 2139 711 2179 misericordis
746 2140 828 2180 Dei
862 2154 995 2193 quam
1044 2141 1285 2189 hominum,
1310 2141 1438 2181 LXX
1475 2140 1644 2180 milium
1678 2141 1829 2193 populi
1853 2141 1917 2180 sui
1941 2148 2087 2193 strage

417 2208 674 2248 humiliatur
700 2215 754 2258 et,
778 2209 820 2248 ni
854 2224 932 2262 pro
964 2210 1285 2250 contribulibus
1318 2209 1590 2262 apostolicae
1623 2210 1817 2249 caritatis
1845 2209 2005 2250 affectu
2040 2217 2087 2249 ut

489 2385 499 2405 ¹
526 2386 723 2430 ldolatria,
742 2387 934 2422 idolatrae.
987 2388 1007 2404 “
1024 2388 1189 2422 Omnino
1208 2388 1244 2422 in
1263 2388 1366 2422 libris
1386 2387 1531 2433 scriptis
1550 2387 1900 2433 frequentissimum,
1920 2388 2085 2433 pallatini

418 2450 453 2478 et
472 2455 590 2477 sermo
607 2445 784 2489 vulgaris
802 2445 939 2489 recepit
959 2453 993 2480 et
1013 2446 1233 2491 propagavit
1259 2446 1295 2480 in
1322 2446 1468 2491 linguas
1487 2446 1741 2480 recentiores.''
1783 2446 1907 2480 Tisch.
1963 2447 2087 2481 These

418 2502 543 2545 forms,
564 2502 714 2537 distinct
743 2504 834 2537 from
864 2505 924 2537 the
952 2516 1055 2538 more
1082 2511 1223 2538 correct
1250 2505 1478 2547 idololatria,
1498 2504 1708 2545 idololatra,
1729 2515 1790 2538 are
1816 2504 1931 2538 found
1962 2504 1997 2538 in
2025 2505 2086 2539 the

418 2561 582 2606 writings
598 2563 639 2595 of
655 2562 828 2607 Cypriam,
848 2564 922 2597 and
943 2564 1004 2597 the
1026 2563 1355 2608 Pseudo-Cyprian
1378 2565 1435 2597 l)e
1454 2563 1700 2597 Aleatoribus.
1752 2563 1938 2596 ldolalria
1956 2575 2086 2597 occurs

419 2618 524 2652 twice
562 2618 597 2652 in
635 2619 814 2653 Salvian’s
849 2620 920 2653 Ad
944 2621 1093 2662 Eccles„
1129 2631 1139 2654 1
1172 2621 1245 2654 and
1278 2621 1332 2654 60.
1394 2621 1447 2654 As
1473 2632 1495 2653 a
1521 2620 1614 2653 form
1643 2620 1683 2653 of
1712 2631 1885 2654 common
1923 2620 2030 2654 Latin
2060 2620 2085 2655 it

419 2677 565 2720 passed,
583 2676 617 2710 in
638 2677 796 2721 English
816 2678 890 2712 and
912 2679 1068 2721 French,
1089 2678 1166 2712 into
1184 2679 1358 2723 idolamy,
1377 2678 1559 2712 idolatrie.

487 2766 500 2787 2
525 2767 922 2812 Agatpoenitentiam.
976 2768 1131 2803 Besides
1151 2769 1223 2803 this
1242 2768 1374 2803 classic
1394 2769 1538 2813 phrase,
1561 2769 1784 2803 Kofsmanne
1804 2769 1924 2814 points
1943 2777 2004 2804 out
2024 2771 2085 2805 the

417 2836 480 2858 use
499 2825 547 2869 by
562 2826 699 2859 church
716 2826 855 2860 writers
875 2827 916 2860 of
925 2828 1190 2871 poenitentiam
1203 2838 1341 2871 gerere,
1362 2828 1483 2872 Cypr.,
1505 2828 1587 2871 Ep„
1607 2828 1652 2869 lv,
1669 2837 1722 2863 22,
1738 2828 1811 2861 and
1831 2828 1956 2862 others
1973 2841 1979 2862 :
2007 2829 2086 2862 also

410 2884 514 2925 poen.
535 2883 641 2925 inire,
661 2885 772 2927 Tert,
794 2885 849 2918 De
859 2887 981 2929 poen„
1002 2895 1031 2918 2.
1086 2885 1240 2919 Besidcs
1261 2885 1364 2919 these
1384 2886 1445 2919 the
1465 2886 1552 2919 verb
1566 2886 1744 2929 poeniteo,
1765 2898 1806 2919 or
1818 2887 2012 2930 poeniteor
2028 2888 2085 2929 (as

416 2940 631 2984 deponent),
651 2953 725 2976 was
745 2942 847 2976 used.

485 3020 498 3040 ³
523 3021 800 3066 Advfz'pulalor.
869 3024 951 3058 'she
971 3023 1147 3067 meaning
1166 3023 1207 3057 of
1228 3024 1290 3057 the
1309 3024 1407 3057 word
1429 3035 1586 3068 appears
1606 3031 1642 3058 to
1661 3024 1706 3058 be
1726 3031 1896 3068 sti-onger
1914 3025 2003 3059 than
2023 3026 2084 3060 the

417 3079 596 3120 classic-ai,
617 3080 718 3114 “one
738 3081 820 3114 who
842 3081 940 3125 joins
959 3082 1116 3116 another
1135 3081 1169 3115 in
1189 3093 1210 3115 a
1229 3081 1474 3125 stipulation‚’'
1492 3081 1566 3115 and
1591 3089 1684 3126 trop,
1705 3082 1809 3116 “one
1828 3083 1910 3116 who
1940 3090 2085 3117 assents

419 3144 456 3169 to
475 3148 515 3169 01·
533 3148 664 3180 agrees
685 3137 802 3181 with‚⁷’
824 3139 893 3172 Cir.
910 3139 990 3181 Aa,
1007 3138 1041 3181 ii,
1062 3149 1116 3180 21,
1135 3139 1191 3180 67.
1259 3140 1290 3172 It
1309 3150 1438 3173 occurs
1457 3138 1567 3182 again
1588 3151 1616 3172 c.
1637 3149 1682 3182 43
1702 3151 1707 3173 :
1734 3140 1901 3184 Accipite
1919 3151 2085 3174 veracem

409 3195 675 3239 publicumque
700 3197 1036 3240 adslt'fiulnsoman,
1063 3198 1136 3231 and
1165 3198 1226 3231 the
1253 3198 1352 3237 verb,
1382 3209 1410 3230 c.
1438 3198 1525 3231 106:
1554 3198 1721 3231 [essiones
1747 3198 1835 3231 illas
1853 3209 1946 3242 quae
1972 3225 1978 3231 .
2007 3225 2013 3232 .
2042 3225 2048 3231 .
2077 3225 2084 3231 .

417 3252 696 3295 ccdsupulmlm
711 3254 962 3288 bem‘dicll'mw.
999 3256 1031 3288 A
1045 3267 1203 3298 passage
1220 3254 1337 3288 which
1357 3266 1518 3299 conveys
1537 3267 1558 3289 a
1571 3255 1895 3299 meaning-annosi
1910 3255 2086 3290 identical
