2214 3556
398 256 422 300 3
431 255 490 301 54
1060 238 1176 286 Vita
1206 239 1397 287 Gildae.

384 375 715 428 patrocinantes,
737 374 814 414 sed
831 387 921 414 reos
942 380 982 414 et
1000 373 1187 414 latrones
1202 390 1219 421 ,·
1251 388 1380 427 quam
1395 373 1617 426 plurimas
1637 373 1830 427 coniuges
1849 373 2056 422 habentes,

392 443 469 484 sed
493 450 629 484 scorta
660 450 700 484 et
729 443 949 484 adulteras
964 457 981 490 ,·
1013 444 1152 483 crebro
1176 443 1379 492 iurantes,
1402 449 1442 483 et
1462 442 1741 495 periurantes
1755 458 1773 491 ,·
1805 449 1998 483 voventes
2021 448 2062 482 et

391 513 588 553 continuo
600 512 903 565 propemodum
937 512 1183 552 mentientes
1198 528 1216 559 ‚·
1249 513 1554 565 belligerantes,
1575 511 1653 551 sed
1668 512 1817 552 civilia
1838 518 1878 552 et
1897 512 2061 551 iniusta

392 582 499 622 bella
519 589 689 633 agentes
706 597 724 629 ,·
745 588 830 634 per
848 581 1059 633 regionem
1082 581 1252 634 quidem
1274 582 1404 633 fures
1436 587 1688 633 magnopere
1715 580 1975 629 insectantes,
1997 594 2062 620 eos

392 657 536 691 autem
559 650 636 703 qui
653 650 715 690 ad
732 664 922 689 mensam
949 649 1092 689 sedent
1122 650 1306 689 latrones
1329 664 1409 689 non
1441 650 1578 689 solum
1612 655 1816 697 amantes,
1838 649 1914 688 sed
1930 648 2059 688 etiam
2100 651 2116 680 5

392 726 710 760 remunerantes
726 735 744 767 ,·
775 720 1053 770 eleemosynas
1073 719 1259 771 largiter
1278 719 1440 768 dantes,
1462 719 1539 759 sed
1566 733 1586 759 e
1608 719 1774 771 regione
1805 718 2059 758 immensum

393 795 574 829 montem
595 788 795 828 scelerum
824 794 1127 840 exaggerantes
1143 803 1161 835 ,·
1195 788 1240 828 in
1271 788 1364 828 sede
1396 788 1611 828 arbitrum
1643 788 1842 836 sedentes,
1863 787 1941 827 sea'
1961 801 2061 826 raro

392 857 496 897 recti
529 856 683 896 iudicii
715 857 908 909 regulam
944 863 1192 909 quaerentes
1206 872 1224 904 ,·
1258 856 1454 897 innoxios
1489 856 1755 909 humilesque
1781 855 2060 908 despicientes,

390 925 706 979 sanguinarios,
727 925 933 977 superbos,
946 925 1207 977 parricidas,
1229 925 1457 975 adulteros,
1481 926 1569 966 Dei
1595 925 1799 973 inimicos,
1821 925 1864 964 si
1889 939 1991 971 sors,
2013 931 2063 964 ut

390 995 559 1043 dicitnr,
591 993 749 1043 tulerit,
780 993 863 1042 llos,
895 993 974 1046 qui
1002 1008 1096 1033 cum
1132 994 1219 1045 ipso
1253 994 1422 1034 nomine
1455 994 1627 1034 delendi
1656 1001 1790 1043 erant,
1826 993 1890 1033 ad
1917 993 2060 1033 sidera
2081 998 2117 1017 10

382 1069 517 1116 prout
531 1069 714 1115 possunt
743 1062 990 1114 efferentes:
1021 1062 1182 1102 vinctos
1203 1063 1367 1114 plnres,
1385 1063 1430 1102 in
1464 1063 1700 1103 carceribus
1731 1063 1936 1111 habentes,
1958 1077 2061 1116 quos

389 1132 526 1172 dolose
537 1131 685 1183 potius
706 1146 835 1184 quam
859 1131 1009 1171 merito
1029 1138 1271 1183 proterunt,
1293 1132 1453 1171 catenis
1483 1139 1703 1172 onerantes
1718 1147 1732 1172 .·
1765 1132 1881 1171 inter
1897 1132 2060 1172 altaria

391 1200 594 1241 intrando
615 1200 882 1240 demorantes
912 1206 953 1239 et
981 1200 1081 1239 llaec
1111 1200 1255 1240 eaa'em
1278 1200 1428 1252 paullo
1449 1206 1551 1252 post
1576 1214 1626 1239 ac
1652 1200 1694 1239 si
1720 1199 1932 1240 lutulenta
1954 1214 2061 1239 saxa

389 1269 667 1322 despicientes.
733 1269 791 1308 Et
823 1282 936 1321 quae
978 1274 1223 1321 sequuntur
1261 1269 1302 1308 in
1348 1269 1466 1309 dicta
1500 1268 1697 1321 epistola.
1763 1268 1892 1308 Nunc
1930 1269 2062 1321 igitur

393 1338 590 1378 Domino
613 1337 853 1377 adiuvante
876 1337 930 1377 ad
956 1337 998 1376 id
1023 1336 1140 1376 unde
1163 1337 1346 1389 digressi
1371 1337 1592 1377 fueramus
1616 1336 1857 1378 redeamus,
2080 1342 2115 1372 Ι5

480 1406 587 1445 Erat
611 1418 716 1457 ergo
742 1406 784 1444 in
816 1404 900 1444 illis
923 1404 1079 1445 diebus
1102 1404 1282 1457 quidam
1317 1411 1533 1457 tyrannus
1563 1405 1744 1445 nomine
1767 1405 2059 1446 Conomerus1
2082 1413 2143 1444 20

392 1475 433 1514 in
480 1474 778 1526 superioribus
820 1473 1019 1526 partibus
1058 1473 1171 1513 illius
1214 1474 1416 1527 regionis,
1460 1487 1663 1526 perversa
1715 1473 1974 1514 credulitate
2015 1480 2059 1514 et

392 1543 613 1583 diabolica
651 1543 803 1583 fraude
839 1542 1060 1590 seductus,
1097 1543 1171 1595 qui
1210 1542 1323 1582 hanc
1360 1542 1553 1583 habebat
1590 1543 1969 1592 consuetudinem,
2011 1549 2058 1583 ut

392 1612 757 1664 quotiescumque
795 1624 919 1650 suam
958 1611 1237 1663 cognovisset
1279 1611 1512 1663 coniugem
1556 1612 1809 1664 concepisse
1847 1612 1888 1651 in
1922 1618 2058 1660 utero,

392 1681 541 1720 statim
566 1679 794 1732 iugulabat
817 1693 925 1719 eam.
990 1680 1047 1719 Et
1079 1693 1179 1718 cum
1213 1679 1299 1719 iarn
1334 1679 1495 1720 multas
1528 1680 1822 1720 interemisset
1855 1680 2056 1720 mulieres
2076 1691 2114 1711 20

392 1749 526 1789 nobili
551 1749 756 1801 prosapia
788 1754 980 1796 exortas,
1002 1754 1243 1800 coeperunt
1280 1755 1485 1801 parentes
1522 1762 1671 1788 earum
1706 1749 1892 1789 multum
1927 1763 2058 1801 super

391 1819 474 1858 hoc
512 1818 760 1857 contristari
798 1824 841 1856 et
886 1817 1060 1869 longius
1098 1830 1143 1856 se
1185 1817 1241 1856 ab
1283 1830 1335 1856 eo
1377 1817 1648 1858 submovere.
1713 1818 1871 1858 Nullus
1907 1819 2056 1871 itaque

391 1888 574 1927 alicuius
596 1886 871 1926 discretionis
904 1886 1038 1925 homo
1071 1899 1213 1938 neque
1245 1886 1538 1939 colloquendo
1567 1901 1709 1939 neque
1738 1887 1866 1927 ullius
1890 1888 2054 1940 negotii

396 1970 528 1996 causa
551 1957 592 1996 in
609 1955 921 2008 qualicumque
940 1968 983 1994 re
1007 1954 1066 1994 illi
1089 1954 1357 1995 adhaerebat
1382 1969 1524 2008 neque
1543 1956 1753 1996 mandata
1770 1957 1807 1995 ei
1826 1956 2055 2008 dirigebat,

392 2032 439 2066 ut
462 2039 547 2065 non
573 2025 791 2078 particeps
815 2023 937 2064 fieret
962 2024 1156 2063 malitiae
1189 2024 1312 2064 illius.
1376 2025 1547 2065 Videns
1571 2025 1718 2077 itaque
1741 2039 1786 2065 se
1808 2024 1974 2077 despici
1998 2025 2055 2065 ob
2074 2038 2111 2066 25

390 2093 608 2142 omnibus,
645 2099 798 2133 sancto
837 2092 994 2132 Gildae
1037 2093 1230 2141 mandat,
1263 2098 1310 2132 ut
1342 2093 1572 2133 verborum
1617 2093 1752 2146 ipsius
1795 2094 2053 2146 petitionem

391 2163 645 2216 perciperet.
723 2162 890 2202 Verum
929 2167 1106 2201 sanctus
1144 2162 1208 2201 vir
1244 2161 1532 2202 calliditatem
1582 2162 1777 2203 malitiae
1826 2162 1918 2202 eius
1961 2176 2054 2215 per—

392 2232 580 2284 spiciens
612 2230 735 2270 nullo
769 2229 902 2269 modo
934 2243 1162 2269 assensum
1196 2230 1232 2269 ei
1268 2230 1481 2282 praebuit,
1503 2229 1579 2270 sed
1604 2230 1734 2281 longe
1750 2236 1978 2282 promotus
2001 2230 2056 2270 ab

391 2314 443 2340 eo
485 2306 561 2348 est,
595 2313 649 2339 ne
691 2298 889 2352 quolibet
932 2298 1066 2338 modo
1109 2312 1186 2350 per
1238 2299 1622 2339 interlocutionem
1666 2300 1758 2339 eius
1801 2299 1971 2339 nobiles
2012 2306 2055 2339 ct

391 2370 610 2422 principes
649 2368 838 2421 regionis
873 2367 988 2407 illius
1021 2368 1198 2420 penitus
1227 2367 1544 2420 deciperentur.
1609 2368 1671 2408 At
1705 2368 1797 2420 ipse
1831 2367 2055 2420 praefatus
2074 2383 2113 2411 30

390 2445 602 2491 tyrannus
646 2451 732 2476 non
777 2436 926 2477 valens
969 2437 1219 2489 pertingere
1261 2436 1315 2476 ad
1354 2436 1437 2476 hoc
1471 2437 1590 2488 quod
1629 2437 1809 2489 petebat
1844 2437 1962 2476 misit
1998 2436 2053 2476 ad

390 2506 611 2560 quendam
629 2506 884 2558 principem,
903 2511 951 2545 ut
974 2504 1099 2545 multi
1124 2511 1259 2545 testes
1282 2511 1384 2545 sunt
1408 2505 1570 2555 fideles,
1591 2505 1769 2545 nomine
1786 2504 2055 2553 Werocum,2

436 2737 446 2757 ¹
476 2737 707 2771 Conomerns.
759 2735 852 2769 This
872 2739 1056 2780 tyrannus
1075 2735 1103 2770 is
1123 2736 1305 2780 probably
1323 2737 1385 2770 the
1409 2743 1521 2770 count
1540 2735 1684 2779 (comes)
1705 2736 1747 2769 of
1761 2736 1880 2769 whom
1902 2747 1954 2769 we
1975 2735 2052 2769 find

392 2793 556 2828 mention
581 2793 616 2827 in
641 2794 703 2827 the
722 2794 897 2827 Historia
916 2794 1152 2828 Francorum
1184 2805 1224 2828 as
1256 2795 1474 2828 Chonomor
1507 2806 1548 2828 or
1575 2794 1776 2828 Chonober
1795 2793 2051 2835 (intervocalic

392 2864 427 2884 m
448 2867 478 2878 =
498 2852 518 2885 b
540 2867 570 2878 =
592 2863 618 2885 v
636 2851 767 2895 orsos
790 2852 944 2885 modern
970 2852 1125 2895 Welsh).
1182 2853 1222 2886 In
1251 2851 1296 2895 iv,
1315 2862 1346 2895 4,
1368 2853 1537 2896 Gregory
1564 2853 1698 2886 relates
1730 2852 1809 2886 that
1838 2851 2054 2886 Chonomor

392 2921 497 2943 saves
525 2908 731 2943 Maeliavus
757 2909 851 2943 from
878 2921 925 2943 an
949 2917 1107 2955 attempt
1133 2910 1243 2944 made
1270 2921 1369 2954 upon
1401 2910 1458 2944 his
1489 2910 1549 2945 lise
1575 2911 1623 2954 by
1642 2911 1698 2944 his
1725 2910 1878 2944 brother
1897 2910 2053 2944 Chanao

392 2968 447 3009 (or
467 2968 623 3009 Chano),
643 2967 783 3011 adding
798 2968 877 3001 also
897 2969 975 3002 that
996 2969 1057 3002 the
1079 2969 1217 3002 Breton
1234 2967 1391 3013 princes,
1410 2968 1523 3013 being
1541 2969 1634 3003 after
1652 2969 1714 3003 the
1733 2968 1845 3003 death
1865 2968 1906 3002 of
1928 2967 2052 3002 Clovis

393 3025 427 3058 in
448 3025 653 3069 subjection
672 3032 709 3058 to
728 3025 790 3058 the
808 3026 963 3068 Franks,
979 3037 1041 3060 are
1059 3027 1197 3070 always
1217 3027 1335 3061 called
1355 3035 1486 3061 counts
1502 3027 1688 3070 (comites),
1702 3034 1766 3061 not
1784 3026 1904 3070 kings.
1948 3026 2054 3060 After

393 3082 476 3120 this,
499 3083 532 3114 in
559 3083 620 3115 the
643 3093 730 3124 year
752 3083 827 3125 560,
848 3083 909 3116 the
937 3094 1039 3117 same
1066 3084 1282 3117 Chonomor
1301 3096 1374 3118 was
1403 3084 1516 3118 killed
1536 3084 1643 3118 while
1674 3084 1802 3127 aiding
1830 3084 2052 3117 Chrammus

393 3139 539 3181 against
558 3139 614 3172 his
633 3140 751 3173 father
771 3140 1009 3174 Chlotharius
1029 3140 1090 3181 (iv,
1107 3140 1175 3184 20).
1218 3142 1271 3175 Of
1285 3143 1346 3176 the
1366 3143 1463 3175 cruel
1483 3149 1562 3176 acts
1581 3142 1783 3177 attributed
1803 3149 1840 3176 to
1860 3142 1933 3175 him
1954 3141 2052 3183 here,

395 3209 445 3230 we
465 3197 539 3230 sind
559 3208 605 3230 no
621 3204 720 3231 trace
740 3197 774 3230 in
795 3198 856 3231 the
876 3199 1053 3232 llz'sloria
1072 3199 1317 3234 Francorum.
