2214 3556
390 269 413 302 2
428 270 484 315 14
526 264 529 267 '
887 253 968 303 De
992 254 1203 304 Excidio
1231 255 1544 304 Britanniae.

382 392 680 444 speculatorem
712 398 751 432 te
779 392 883 432 dedi
908 392 1059 433 domm·
1076 392 1219 433 Israel
1234 399 1275 433 et
1293 392 1442 432 audies
1463 406 1514 432 ex
1532 405 1601 431 ore
1632 405 1719 431 meo
1741 390 1926 437 verbum,
1947 403 2041 430 cum

384 460 524 501 dicam
537 460 750 513 peccatori
764 477 778 501 .·
811 467 943 501 morte
964 461 1171 510 morieris,
1192 467 1233 501 et
1263 475 1344 500 non
1375 459 1569 513 loqueris,
1591 466 1641 500 ut
1669 465 1841 499 avertat
1859 473 1901 499 se
1921 473 1948 498 a
1969 458 2044 497 via

382 543 463 569 sua
496 529 666 582 inspius,
684 536 726 570 et
757 529 842 582 ipse
878 530 1054 582 iniquus
1087 529 1132 569 2⁸12
1169 529 1398 582 iniquitate
1433 543 1514 568 sua
1549 528 1765 576 morietur,
1786 527 2042 580 sanguinem

384 605 526 639 autem
562 599 654 638 eius
685 599 736 638 de
772 613 904 639 manu
939 605 1014 638 tua
1050 598 1279 651 requiram.
1349 597 1389 637 T
1387 612 1413 637 ιι
1436 611 1533 636 vero
1553 596 1597 636 si
1619 596 1894 648 praeditam&
1915 595 2044 647 impio

384 667 502 707 viam
534 667 636 716 eius,
658 674 707 707 ut
735 673 906 707 avertat
923 681 966 707 se
996 666 1048 706 ab
1069 681 1128 716 ea,
1149 673 1190 706 et
1220 680 1301 706 non
1322 680 1365 705 se
1385 665 1593 705 averterit
1612 679 1639 705 a
1660 665 1735 704 via
1754 678 1846 714 sua,
1867 663 1936 704 lzz'c
1963 677 2044 703 sua
2084 682 2098 710 ς

385 736 600 788 impietate
622 736 832 776 morietur
849 742 889 776 et
910 742 955 775 tu
978 735 1172 775 animam
1196 741 1315 774 tuam
1337 734 1544 786 eripuisti.

473 804 562 845 Sed
585 804 804 844 sufficiant
827 804 934 844 haec
956 817 1099 856 pauca
1121 804 1176 844 de
1199 803 1396 856 pluribus
1428 803 1745 856 prophetarum
1778 802 2044 851 testimonia,
2063 814 2123 857 92

384 874 482 926 quis
504 874 751 914 retunditur
783 873 987 926 superbia
1009 873 1076 913 vel
1111 873 1286 925 ignavia
1308 872 1590 913 sacerdotum
1623 873 1966 920 contumacium,
1989 885 2044 911 ne

385 946 542 992 putent
575 953 654 979 nos
684 940 860 992 propria
893 940 1040 992 potius
1072 939 1403 980 adinventione1
1434 953 1568 992 quam
1599 939 1707 992 legis
1736 945 2045 978 sanctorumve

385 1009 646 1049 auctoritate
669 1009 730 1048 eis
757 1008 862 1048 talia
884 1008 1157 1048 denuntiare.
1219 1009 1465 1049 Videamus
1498 1009 1629 1061 igitur
1651 1008 1756 1060 quid
1789 1006 2046 1060 euangelica
2066 1029 2102 1047 10

384 1078 491 1117 tuba
526 1076 694 1117 mundo
726 1091 967 1130 personans
1005 1077 1266 1117 inordinatis
1301 1076 1622 1117 sacerdotibus2
1651 1076 1910 1128 eloquatur:
1955 1089 2042 1115 non

383 1145 500 1184 enim
539 1145 593 1184 de
628 1144 724 1194 illis,
758 1151 805 1185 ut
840 1145 926 1185 iam
965 1145 1175 1193 diximus,
1205 1145 1279 1197 qui
1317 1145 1608 1197 apostolicam
1643 1143 1813 1183 sedem3
1849 1144 2044 1196 legitime

383 1213 586 1254 obtinent
626 1215 789 1266 quique
830 1214 942 1254 bene
984 1220 1145 1253 norunt
1187 1214 1333 1267 largiri
1370 1214 1584 1266 spiritalia
1617 1212 1838 1252 conservis
1875 1212 1963 1251 suis
2001 1212 2043 1251 in

383 1287 582 1334 tempore
605 1281 798 1331 cibaria‚4
819 1281 853 1320 si
876 1281 950 1334 qui
973 1287 1122 1321 tamen
1149 1281 1274 1322 multi
1308 1282 1350 1321 in
1380 1282 1729 1334 praesentiarum
1753 1286 1866 1329 sunt,
1888 1279 1966 1319 sed
1989 1279 2044 1319 de

381 1351 631 1402 pastoribus
656 1350 882 1403 imperiti5‚
903 1351 977 1403 qui
1011 1351 1321 1403 derelinquunt
1354 1364 1457 1390 oves
1479 1356 1523 1390 et
1545 1355 1733 1402 pascunt
1754 1363 1867 1389 vana
1889 1355 1939 1389 et·
1955 1362 2043 1388 non
2065 1364 2100 1393 15

381 1418 547 1458 habent
588 1418 721 1459 verba
763 1419 952 1471 pastoris
994 1419 1133 1470 periti,
1176 1418 1302 1458 nobis
1345 1432 1490 1458 sermo
1532 1424 1608 1458 est.
1701 1417 1897 1457 Evidens
1938 1430 2044 1469 ergo

381 1488 591 1528 indicium
615 1494 682 1528 est
704 1501 791 1527 non
815 1501 911 1527 esse
933 1501 1032 1527 eum
1058 1487 1304 1539 legitimum
1339 1493 1575 1540 pastorem,
1597 1486 1673 1526 sed
1698 1500 1752 1525 ne
1775 1486 2042 1525 mediocrem

378 1558 558 1609 quidem
597 1557 910 1605 Christianum,
933 1556 1006 1609 qui
1040 1556 1148 1596 haec
1183 1570 1270 1596 non
1304 1562 1396 1596 tam
1435 1562 1596 1605 nostra,
1619 1557 1692 1608 qui
1716 1555 1845 1595 valde
1882 1555 2033 1607 exigui

378 1640 542 1676 sumus,
579 1639 712 1679 quam
756 1626 914 1666 veteris
957 1626 1149 1678 novique
1192 1626 1449 1666 testamenti
1493 1626 1671 1665 decreta
1713 1625 1923 1664 recusarit
1974 1623 2042 1664 vel

379 1695 590 1736 infitiatus
633 1695 772 1743 fuerit,
815 1695 927 1734 sieut
968 1694 1080 1734 bene
1117 1695 1298 1746 quidam
1341 1700 1591 1734 nostrorum
1635 1692 1737 1733 ait5:
1787 1692 2100 1744 Optabilz'ter20

382 1765 586 1817 cupimus,
620 1770 670 1804 ut
701 1764 838 1804 liostes
870 1763 1058 1803 ecclesiae
1089 1763 1181 1802 sint
1215 1763 1355 1803 nostri
1386 1776 1545 1815 quoque
1577 1762 1732 1815 absque
1765 1762 1850 1801 ullo
1869 1761 2044 1812 foedere

444 1928 455 1949 ¹
482 1927 720 1961 Adinventio
738 1942 770 1954 =
788 1925 1010 1970 ἐπιτήδευμα.
1063 1927 1134 1960 See
1152 1937 1204 1959 cc.
1224 1935 1256 1968 4,
1277 1934 1331 1969 37,
1351 1926 1406 1967 67.

443 1997 456 2018 2
481 1997 716 2031 lnomlz'natis
739 1996 998 2030 sacerdotibus.
1051 1996 1175 2029 These
1202 1995 1356 2039 bishops
1382 1995 1477 2028 have
1499 1993 1675 2028 obtained
1701 1993 1796 2028 their
1814 1994 1920 2027 office
1939 1992 1975 2027 in
1994 2005 2041 2027 an

376 2055 554 2099 irregular
570 2066 661 2098 way,
680 2065 721 2087 as
739 2052 935 2087 described
954 2053 1084 2095 above,
1104 2052 1263 2095 through
1291 2051 1446 2095 simony‚
1466 2062 1516 2092 or,
1536 2051 1689 2085 without
1707 2051 1778 2084 due
1805 2049 1975 2093 election,
1993 2051 2042 2093 by

375 2115 437 2148 the
458 2121 663 2157 tyrannous
683 2111 866 2145 influence
884 2111 925 2145 of
939 2122 1043 2144 some
1062 2110 1188 2155 prince
1208 2122 1249 2143 or
1267 2110 1383 2143 other.
1420 2108 1635 2152 According
1653 2116 1690 2143 to
1704 2110 1767 2143 the
1782 2108 1873 2143 view
1891 2108 1978 2142 held
1992 2109 2041 2152 by

374 2171 515 2211 Gildas,
535 2170 677 2213 though
696 2171 784 2213 they
802 2170 847 2202 be
867 2169 1122 2211 consecrated,
1143 2167 1238 2202 their
1257 2167 1397 2209 orders,
1417 2175 1455 2201 to
1473 2178 1539 2201 use
1556 2179 1578 2201 a
1597 2178 1699 2201 more
1718 2167 1873 2201 modern
1893 2167 2040 2211 phrase,

374 2241 436 2264 are
466 2228 614 2269 invalid,
646 2229 806 2261 because
835 2226 999 2270 validity,
1031 2237 1080 2260 no
1111 2226 1184 2259 less
1216 2226 1305 2259 than
1344 2225 1508 2269 efficacy,
1542 2224 1711 2269 depends
1742 2236 1789 2258 on
1820 2225 2014 2258 character
2032 2237 2038 2258 :

374 2295 438 2322 not
467 2299 537 2321 one
565 2287 606 2320 of
630 2287 731 2320 them
766 2285 794 2318 is
825 2297 846 2319 a
882 2285 1075 2329 legitimus
1101 2286 1246 2328 pastor.
1310 2283 1534 2316 Contrasted
1562 2282 1647 2316 with
1687 2283 1789 2316 them
1831 2294 1894 2316 are
1932 2283 2040 2316 those
2062 2294 2065 2295 ⁷

375 2347 456 2379 who
499 2345 594 2379 have
636 2342 814 2377 obtaired
853 2343 915 2377 the
950 2341 1167 2386 “apostolic
1202 2340 1335 2384 chair,”
1371 2340 1407 2373 in
1443 2341 1506 2374 the
1540 2341 1687 2384 regular
1721 2352 1800 2384 way
1835 2339 2041 2385 (legitime),

373 2404 447 2438 and
465 2415 527 2437 are
546 2403 628 2437 able
655 2409 692 2436 to
723 2401 876 2445 provide
905 2400 1072 2445 spiritual
1090 2400 1178 2434 food
1197 2399 1232 2433 in
1252 2399 1314 2433 the
1333 2399 1482 2432 “words
1501 2399 1542 2432 of
1554 2410 1601 2432 an
1621 2398 1866 2443 experienced
1886 2398 2041 2443 pastor.’'

373 2463 454 2495 The
484 2460 688 2495 admission
720 2459 829 2492 made
852 2458 887 2492 in
910 2457 983 2492 this
1010 2468 1181 2502 passage,
1212 2457 1292 2490 that
1318 2456 1392 2490 this
1422 2457 1530 2490 latter
1554 2456 1651 2490 class
1674 2467 1748 2490 was
1774 2467 1986 2498 numerous,
2011 2455 2040 2488 is

372 2519 594 2563 significant,
613 2518 687 2552 and
706 2516 742 2550 in
761 2516 923 2561 keeping
941 2515 1026 2550 with
1046 2527 1068 2548 a
1087 2514 1227 2549 similar
1245 2513 1450 2548 admission
1477 2513 1686 2558 previously
1704 2514 1814 2548 made
1833 2513 1869 2547 in
1888 2525 1917 2547 c.
1937 2514 1991 2556 69.

442 2585 456 2606 3
481 2585 735 2629 Apostolicam
761 2584 889 2617 sedem.
942 2584 1023 2627 Just
1050 2594 1090 2616 as
1111 2582 1258 2626 “pope''
1278 2580 1329 2624 (in
1351 2580 1458 2615 Latin
1476 2583 1593 2625 papa,
1617 2581 1740 2615 Greek
1768 2581 1930 2624 πάππος,
1949 2581 2040 2615 both
2097 2592 2101 2595 ·

374 2642 551 2686 meaning
570 2640 768 2685 “father”),
783 2641 957 2685 pontifex
975 2641 1165 2673 maximus
1183 2651 1224 2673 or
1245 2650 1416 2672 summus
1431 2640 1612 2682 pontifex,
1632 2650 1726 2672 were
1745 2638 1781 2672 in
1805 2639 1906 2682 early
1928 2638 2038 2672 times

374 2702 464 2735 used
491 2701 532 2735 of
557 2712 629 2744 any
648 2700 792 2744 bishop,
813 2711 853 2733 so
882 2700 961 2733 also
987 2710 1061 2732 was
1091 2698 1291 2741 apostolica
1315 2697 1414 2730 sedes
1439 2696 1530 2730 used
1556 2697 1612 2730 for
1636 2697 1698 2730 the
1725 2696 1914 2741 episcopal
1933 2697 2039 2730 office

374 2761 573 2805 generally.
634 2758 839 2792 Hinschius
859 2764 990 2802 quotes
1009 2757 1071 2790 the
1090 2757 1197 2789 letter
1216 2754 1358 2788 written
1378 2755 1426 2798 by
1447 2753 1641 2797 Chlodwig
1659 2761 1696 2787 to
1715 2766 1735 2788 a
1755 2754 1875 2788 Gallie
1893 2753 2038 2787 council

373 2819 500 2852 before
522 2827 582 2862 511
606 2830 612 2851 ε
641 2817 788 2850 “Orate
808 2826 873 2859 pro
891 2826 961 2857 me,
981 2813 1121 2848 domini
1141 2812 1258 2847 sancti
1278 2819 1313 2846 et
1332 2811 1537 2856 apostolica
1555 2812 1643 2845 sede
1661 2811 1869 2855 dignissimi
1890 2812 2039 2856 papae.''

374 2875 580 2909 Venantius
601 2876 837 2916 Fortunatus,
851 2872 986 2916 bishop
1005 2871 1046 2905 of
1062 2870 1251 2913 Poictiers,
1268 2870 1349 2903 who
1363 2868 1450 2902 died
1468 2870 1581 2903 about
1599 2870 1677 2911 609,
1699 2869 1817 2903 writes
1834 2876 1870 2903 to
1886 2869 1988 2903 Felix
2003 2869 2045 2903 of

378 2935 522 2967 Nantes
547 2946 553 2967 :
582 2930 783 2965 “Domino
812 2936 954 2972 sancto,
973 2936 1008 2963 et
1033 2928 1239 2973 apostolica
1267 2927 1355 2961 sede
1381 2926 1603 2971 dignissimo
1622 2926 1728 2971 patri,
1750 2927 1862 2961 Felici
1888 2928 2038 2972 papae.'’

375 2992 523 3025 Several
537 2991 724 3024 instances
737 3001 821 3032 may
833 2990 880 3022 be
892 2988 1001 3032 given
1014 2988 1106 3021 from
1121 2988 1182 3021 the
1195 2988 1370 3020 Historia
1386 2987 1616 3020 Francorum
1629 2986 1670 3019 of
1678 2987 1847 3030 Gregory
1858 2986 1899 3019 of
1906 2987 2037 3028 Tours,

372 3061 456 3093 e.g.,
473 3049 507 3092 ii,
527 3057 579 3090 27.
629 3048 782 3087 Isidore,
797 3046 932 3090 bishop
951 3046 992 3080 os
1007 3045 1142 3080 Seville
1161 3044 1196 3078 in
1219 3044 1345 3089 Spain,
1360 3044 1453 3078 after
1470 3043 1598 3088 giving
1617 3044 1874 3088 explanations
1893 3044 1934 3078 of
1947 3045 2038 3078 such

373 3113 486 3140 ternis
505 3118 545 3139 as
558 3105 754 3150 patriarch
774 3104 848 3138 and
866 3104 1171 3148 archiepiscopus,
1191 3103 1285 3136 adds
1303 3103 1382 3136 that
1403 3102 1422 3118 ‘⁶
1436 3102 1590 3146 bishops
1617 3114 1678 3136 are
1698 3103 1759 3136 the
1779 3114 1989 3136 successors
2003 3104 2044 3137 of

373 3165 434 3198 the
453 3165 639 3208 Apostles,
659 3163 731 3196 and
750 3163 843 3196 have
862 3162 957 3195 been
988 3161 1190 3205 appointed
1219 3161 1447 3205 throughout
1466 3161 1528 3194 the
1548 3160 1661 3194 world
1689 3159 1724 3193 in
1744 3160 1937 3205 Apostolic
1956 3172 2038 3195 sees

374 3223 428 3265 (in
454 3222 597 3254 salibus
621 3218 919 3264 a]oslalormn).”
972 3219 1068 3252 Both
1094 3219 1198 3253 these
1226 3217 1365 3252 writers
1392 3217 1488 3252 lived
1517 3218 1611 3252 after
1629 3217 1770 3261 Gildas,
1791 3230 1832 3252 so
1858 3219 1937 3253 that
1966 3219 2038 3253 this
