2173 3556
679 213 727 259 T
723 210 782 259 [ιε
806 212 947 259 Ruz'n
973 213 1035 272 of
1048 211 1272 259 Britain.

421 349 588 382 GiLDAs.

1712 229 1792 274 131

927 348 1128 392 JEROME’S
1150 348 1366 382 REVISION.
1390 357 1471 381 A.D.
1493 358 1570 390 392.
1591 348 1806 392 (Sabatier.)

865 423 935 466 xxi,
959 431 1074 464 17-20.

142 483 189 515 18.
219 482 267 515 Et
287 488 392 515 erunt
411 481 503 515 sicut
524 482 652 526 paleae
671 493 692 515 a
711 488 832 523 vento,

220 546 256 573 et
276 539 369 573 sicut
388 539 507 584 pulvis
525 551 637 585 quein
652 539 804 574 abstulit
822 541 939 575 turbo.

140 608 188 640 19.
217 597 392 632 deficiant
411 597 493 632 filiis
512 598 590 632 eius
609 599 717 632 bona.

134 722 186 745 20.
206 711 369 746 Videant
383 712 476 746 oculi
491 712 569 746 eius
582 712 809 747 occisionem
822 725 938 755 suam,

273 782 340 805 1166
359 783 380 804 3
399 771 551 805 domino
572 772 784 805 resalvetur.

1020 488 1056 515 et
1075 487 1181 515 erunt
1200 480 1293 515 sicut
1314 481 1420 525 palea
1439 480 1474 514 in
1494 488 1616 524 vento,

1021 547 1057 574 et
1076 540 1169 574 sicut
1189 539 1308 584 pulvis
1328 551 1438 585 quem
1458 540 1611 574 abstulit
1629 540 1746 574 turbo.

1023 599 1138 640 Deus,
1158 597 1335 632 deficiant
1354 597 1415 631 filii
1435 597 1538 631 ἦε61115
1556 598 1656 631 bona
1675 597 1777 631 *eius

996 655 1135 689 *redde
1154 655 1186 689 ei
1206 662 1241 689 et
1260 655 1362 689 sciet.

1019 713 1183 747 Videant
1226 712 1321 747 oculi
1359 713 1437 747 eius
1476 724 1607 747 necem
1653 725 1769 756 suam,

1089 778 1125 805 et
1143 783 1165 804 a
1183 770 1338 805 domino
1356 782 1430 805 non
1451 771 1621 805 salvetur.

888 852 982 895 xxiv,
1003 861 1072 893 2-7.

156 925 185 948 2.
214 914 275 958 qui
295 927 447 959 gregem
463 927 546 949 cum
560 923 708 960 pastore
723 923 934 960 rapuerunt,

155 1040 183 1073 3.
212 1038 247 1065 et
289 1030 495 1065 iumentum
537 1032 749 1065 orfanorum
792 1032 932 1066 abdux-

271 1096 387 1132 erunt,

216 1152 251 1179 et
270 1147 404 1180 bovem
423 1146 556 1181 viduae
576 1146 874 1191 pigneraverunt,

152 1213 183 1245 4.
211 1211 247 1238 61
274 1204 552 1239 declinaverunt
579 1204 802 1249 impotentes
828 1217 849 1239 a
875 1205 934 1239 via

271 1262 516 1297 necessitatis.

147 1670 178 1703 6.
206 1670 348 1715 Agrum
391 1676 477 1704 ante
520 1677 666 1715 tempus
705 1682 779 1704 non
822 1682 928 1703 suum

264 1726 425 1761 demessi
445 1734 542 1770 sunt,

209 1796 391 1829 pauperes
433 1785 640 1829 potentium
683 1785 810 1819 vineas
847 1784 926 1819 sine

264 1844 436 1878 mercede
470 1851 505 1877 et
544 1843 624 1878 sine
662 1843 746 1877 cibo
784 1843 925 1888 operati

265 1908 359 1943 sunt,

146 1968 175 2000 7.
204 1960 324 1993 nudos
366 1961 502 1994 multos
556 1960 717 1994 dormire
758 1960 924 1994 fecerunt

264 2018 342 2052 sine
361 2018 603 2061 vestimentis,

207 2083 357 2120 tegmen
369 2077 517 2110 animae
536 2088 663 2111 eorum
681 2077 923 2110 abstulerunt.

1015 927 1169 959 gregem
1185 927 1268 949 cum
1283 923 1432 960 pastore
1445 915 1633 960 sapientes
1648 915 1801 960 *parav-

1087 982 1195 1008 erunt

1016 1032 1220 1066 iumentum
1241 1032 1465 1077 pupillorum
1486 1033 1705 1076 abegerunt,

1015 1156 1050 1183 et
1069 1150 1203 1183 bovem
1225 1148 1358 1182 viduae
1378 1149 1681 1194 pignoraverunt,

1013 1216 1048 1243 et
1068 1209 1339 1243 inclinaverunt
1370 1220 1553 1253 pauperes
1573 1221 1593 1243 a
1613 1209 1671 1243 via
1686 1210 1798 1254 justa.

987 1325 1131 1359 *Simul
1150 1325 1361 1359 absconditi
1381 1332 1465 1359 sunt
1485 1325 1593 1359 mites
1609 1332 1739 1368 terrae,

1012 1390 1048 1417 et
1067 1382 1250 1417 irruerunt
1270 1383 1363 1417 sicut
1384 1383 1503 1417 asini*
1519 1382 1585 1418 feri

1012 1441 1048 1474 in
1068 1453 1159 1485 agro
1191 1453 1302 1486 super
1332 1453 1403 1485 me,
1429 1448 1609 1475 exeuntes
1627 1441 1675 1475 ad
1704 1453 1798 1486 opus

1086 1512 1205 1534 suum.

985 1558 1143 1593 *Suavis
1162 1559 1281 1593 factus
1309 1566 1364 1593 est
1385 1558 1437 1592 eis
1464 1559 1571 1603 panis
1599 1559 1634 1592 in
1654 1559 1796 1592 adoles-

1079 1624 1218 1651 centes.

1010 1676 1153 1719 Agrum
1172 1682 1258 1709 ante
1274 1682 1422 1720 tempus
1438 1687 1512 1708 non
1529 1687 1635 1709 suum
1651 1675 1794 1708 demes-

1079 1731 1243 1775 suerunt,

1006 1790 1138 1824 infirmi
1166 1790 1294 1824 vineas
1314 1790 1512 1835 impiorum
1535 1791 1676 1836 absque
1696 1802 1789 1824 mer-

1078 1848 1168 1881 cede
1188 1855 1222 1882 et
1242 1847 1326 1882 cibo
1343 1849 1545 1890 coluerunt,

1005 1963 1125 1997 nudos
1156 1965 1292 1998 multos
1322 1965 1489 1998 fecerunt
1516 1964 1678 1998 dormire
1714 1964 1792 1998 sine

1080 2022 1325 2060 vestimentis,

1005 2083 1040 2110 et
1059 2084 1237 2121 tegumen
1258 2078 1293 2111 in
1313 2078 1448 2122 frigore
1468 2079 1710 2112 abstulerunt.

836 2176 929 2219 xxiv,
954 2177 1068 2219 18-24.

128 2236 176 2269 18.
210 2263 216 2269 .

211 2295 453 2329 maledicatur
471 2308 560 2339 ergo
578 2308 663 2340 pars
682 2296 759 2329 eius
778 2307 799 2329 a
817 2302 924 2337 terra,

129 2360 178 2393 19.
207 2358 361 2395 pareant
380 2351 630 2395 plantationes
649 2351 727 2385 eius
750 2351 887 2385 aridae.

122 2537 176 2560 20.
215 2554 222 2560 .

210 2756 448 2791 Retribuatur
466 2769 555 2802 ergo
574 2757 622 2791 illi
643 2757 736 2792 sicut
751 2757 826 2801 egit
844 2770 851 2798 3

205 2815 472 2850 contribuletur
508 2815 628 2850 omnis
653 2815 800 2860 iniquus
828 2815 921 2849 sicut

259 2873 399 2918 lignum
418 2874 497 2908 sine
516 2874 684 2909 sanitate.

120 2941 173 2964 21.
217 2958 224 2965 .

120 2998 173 3022 22.
205 2989 245 3022 In
269 2988 460 3023 iracundia
479 2989 577 3023 enim
605 3002 760 3034 surgens
788 2990 919 3034 impot—

260 3050 384 3078 entem
403 3044 533 3078 evertit
551 3057 556 3078 :

982 2235 1117 2270 *Levis
1137 2244 1191 2271 est
1211 2249 1321 2282 super
1339 2237 1471 2271 faciem
1492 2250 1611 2283 aquae
1629 2251 1635 2272 :

1006 2292 1251 2326 maledicatur
1270 2305 1354 2337 pars
1367 2305 1494 2327 eorum
1514 2306 1624 2338 super
1642 2301 1789 2337 terrani,

1008 2355 1212 2392 appareant
1240 2348 1490 2393 plantationes
1524 2361 1651 2382 eorum
1681 2362 1791 2394 super

1079 2413 1215 2440 terram
1235 2406 1371 2440 aridae.

1007 2463 1066 2495 De
1086 2461 1167 2495 sinu
1192 2462 1292 2496 enim
1311 2461 1533 2507 pupillorum
1562 2471 1762 2507 rapuerunt
1782 2477 1789 2505 ;

1006 2520 1141 2555 deinde
1182 2528 1470 2556 rememoratum
1512 2529 1550 2556 ut
1592 2530 1787 2567 peccatum

1075 2579 1164 2614 eius.

1010 2638 1113 2672 Sicut
1146 2639 1285 2673 nebula
1318 2638 1421 2682 roris,

1073 2695 1205 2740 paruit.

1008 2751 1248 2786 Retribuatur
1266 2751 1315 2785 illi
1336 2751 1428 2786 sicut
1447 2752 1524 2796 agit
1541 2765 1548 2793 3

1003 2817 1214 2845 conteratur
1233 2809 1326 2844 sicut
1341 2809 1481 2854 lignum
1501 2810 1719 2853 insanabile,

1469 2650 1651 2684 HUSQUHH]
1687 2652 1785 2674 com-

1003 2934 1038 2962 et
1056 2925 1220 2961 mulieris
1239 2937 1312 2959 non
1332 2932 1388 2960 est
1406 2926 1588 2961 misertus.

1007 2987 1049 3019 In
1070 2985 1122 3018 ira
1140 2983 1270 3018 evertit
1289 2983 1454 3018 infirmos
1474 2997 1481 3026 ;

167 3177 178 3197 ¹
206 3177 298 3211 This
317 3189 422 3212 verse
442 3178 472 3212 is
491 3178 646 3212 omitted
666 3178 702 3212 in
721 3179 783 3212 the
803 3186 878 3212 text
897 3179 937 3211 os
954 3179 981 3211 Β
1002 3191 1008 3212 :
1037 3178 1062 3211 it
1081 3190 1212 3219 agrees
1227 3179 1313 3213 with
1334 3180 1374 3221 C,
1394 3186 1457 3213 not
1477 3179 1563 3214 with
1582 3177 1617 3217 N
1636 3193 1677 3215 or
1695 3183 1739 3215 A.

1524 3248 1603 3278 K2
