2173 3556
884 491 1076 537 PART
1132 490 1167 536 I.

194 602 492 653 Preliminary
533 601 612 654 (cc.
655 602 775 652 3-26)
794 616 808 642 .·
860 600 1125 653 Descriptien
1158 601 1212 652 os
1233 599 1423 648 Britain,
1461 600 1695 642 Cllaracter
1722 602 1777 652 of
1803 602 1860 641 its

309 671 460 725 People
478 687 497 720 ‚·
539 671 838 723 Introductory
875 669 1100 710 narrative
1135 670 1190 721 of
1205 675 1358 718 events,
1386 669 1617 722 extending
1633 670 1757 720 from
1792 670 1860 710 tlte

308 741 433 782 First
458 739 679 781 Partlzian
703 740 838 780 Peace
868 739 963 779 and
989 738 1058 779 tlte
1088 739 1260 778 Roman
1292 738 1527 791 expedition
1560 738 1649 779 into
1680 739 1859 779 Britain

309 809 447 851 which
468 808 681 862 followed
713 809 758 859 it,
792 815 832 848 to
862 808 929 848 tlte
960 808 1144 848 writer‘s
1165 822 1260 848 own
1284 808 1387 849 time
1409 808 1517 861 (ΑΙ).
1548 818 1720 859 117—c.
1748 809 1857 862 540).

310 877 538 927 Reference
567 882 608 916 to
644 875 712 916 tlte
759 876 844 916 rise
877 876 930 926 of
953 874 1242 927 Christianity
1275 875 1415 915 under
1437 875 1476 915 T
1475 874 1645 925 iberius,
1679 875 1773 916 ana'
1804 876 1860 917 its

299 953 502 999 progress
523 945 568 985 in
590 944 770 985 Britain
794 943 986 985 inserted
1002 943 1080 997 (cc.
1105 944 1239 997 7-12>.

194 1061 367 1106 tionibus,
386 1061 548 1108 querulis
576 1060 739 1104 vocibus,
759 1060 901 1096 cunctis
928 1061 1105 1096 membris
1131 1061 1459 1105 contrementibus,
1478 1073 1500 1096 a
1520 1061 1701 1097 Romanis
1727 1061 1863 1097 auxilia

194 1127 363 1165 petentes
382 1126 418 1154 et
437 1119 692 1165 impetrantes.

265 1179 335 1213 XI.
366 1178 564 1221 Quomodo
586 1177 757 1212 Britones
782 1189 926 1211 rursum
955 1178 1168 1212 Romanum
1196 1177 1369 1212 solatium
1396 1177 1631 1222 repetierunt,
1651 1184 1686 1212 et
1705 1177 1863 1223 qualiter

198 1237 357 1272 Romani
378 1248 460 1271 sese
479 1242 759 1279 excusaverunt,
779 1236 845 1270 sed
863 1243 988 1270 tamen
1015 1236 1166 1270 laudare
1194 1243 1229 1270 et
1256 1247 1408 1270 monere
1427 1242 1640 1281 coeperunt,
1659 1242 1698 1270 ut
1716 1247 1862 1270 murum

195 1307 217 1330 a
235 1295 326 1329 mari
351 1295 400 1330 ad
422 1306 524 1329 mare
547 1295 725 1338 facerent,
744 1294 845 1339 quod
870 1301 905 1329 et
935 1294 1101 1329 fecerunt
1125 1305 1146 1328 a
1164 1293 1256 1328 mari
1287 1294 1512 1338 Norwagiae
1540 1306 1657 1339 usque
1684 1294 1733 1328 ad
1761 1305 1863 1328 mare

197 1353 412 1387 Galwadiae
444 1364 509 1397 per
535 1359 620 1387 octo
646 1352 762 1397 pedes
784 1353 899 1386 latum
926 1358 962 1386 et
988 1351 1187 1386 duodecim
1218 1352 1333 1386 altum
1364 1358 1400 1386 et
1428 1359 1545 1386 turres
1577 1363 1643 1397 per
1670 1351 1864 1386 intervalla

196 1415 491 1451 construxerunt,
526 1420 571 1443 eo
606 1407 641 1442 in
676 1409 758 1442 loco
792 1407 854 1442 ubi
892 1408 1049 1442 Severus
1088 1407 1290 1452 imperator
1323 1408 1525 1442 maximam
1558 1408 1698 1442 fossam
1732 1407 1862 1442 firmis-

196 1467 406 1512 simumque
432 1467 580 1509 vallum,
609 1465 747 1500 crebris
776 1466 926 1510 insuper
953 1465 1113 1500 turribus
1143 1465 1424 1509 communitum,
1451 1478 1517 1511 per
1544 1467 1729 1500 CXXXII
1762 1465 1863 1500 milia

195 1537 372 1571 passuum
401 1527 513 1569 longe
543 1532 630 1559 ante
660 1525 810 1566 fecerat,
839 1524 875 1558 id
901 1532 957 1559 est
984 1537 1005 1559 a
1030 1524 1128 1568 villa,
1147 1536 1242 1570 quae
1269 1524 1427 1568 Anglice
1446 1525 1687 1559 &Vallesende
1718 1524 1862 1568 dicitur,

198 1582 329 1617 Latine
355 1593 443 1616 vero
469 1583 591 1626 Caput
620 1581 719 1615 Muri
746 1581 1019 1626 interpretatur,
1038 1593 1133 1627 quae
1162 1588 1217 1616 est
1244 1581 1345 1616 iuxta
1370 1582 1622 1624 Tinemuthe3
1648 1581 1709 1627 qui
1737 1593 1863 1616 murus

193 1641 349 1675 multum
377 1640 490 1675 distat
516 1652 537 1674 a
558 1640 726 1685 praefato
744 1640 841 1674 vallo
869 1640 969 1685 apud
997 1639 1201 1684 meridiem,
1222 1651 1334 1685 quam
1365 1646 1476 1675 antea
1505 1640 1605 1686 apud
1636 1639 1726 1674 Kair
1754 1640 1862 1674 Eden

192 1711 304 1744 supra
321 1711 423 1734 mare
444 1698 592 1733 Scotiae
611 1698 894 1733 constituerunt.
1741 1689 1743 1691 ’

263 1759 345 1793 The
364 1757 497 1792 details
518 1756 637 1792 which
657 1758 719 1792 the
739 1757 859 1792 scribe
877 1758 945 1792 has
963 1757 1089 1793 added
1114 1758 1204 1793 here
1223 1758 1302 1792 also
1321 1769 1383 1792 are
1402 1758 1523 1803 partly
1540 1758 1633 1793 from
1652 1757 1767 1797 Beda,
1786 1758 1810 1792 l.
1824 1769 1863 1801 c.,

333 1816 453 1862 partly
466 1827 507 1850 as
526 1816 663 1859 before,
682 1816 775 1850 from
796 1816 891 1850 local
909 1816 1141 1861 knowledge.

261 1884 355 1918 XII.
386 1882 555 1927 Qualiter
572 1895 666 1928 gens
686 1884 817 1918 scabra
838 1884 1051 1918 Scottorum
1076 1890 1267 1929 comperta
1293 1882 1533 1919 excusatione
1554 1885 1808 1918 Romanorum
1828 1882 1863 1917 in

196 1941 367 1977 Britones
387 1941 650 1976 insurrexerint
669 1948 704 1976 et
723 1953 786 1976 eos
806 1942 1066 1987 persequendo
1085 1941 1312 1976 lacesserint.

263 1998 378 2032 XIII.
408 1997 519 2041 Quod
540 1996 711 2038 Britones
736 1997 858 2031 adhuc
885 2008 988 2031 more
1015 1996 1123 2031 solito
1149 1997 1198 2031 ad
1222 1998 1415 2031 Romanos
1434 1997 1624 2032 mittentes
1650 1997 1763 2032 nichil
1783 2009 1864 2042 pro-

194 2055 358 2098 fecerint,
379 2056 445 2090 sed
465 2067 609 2090 rursum
629 2055 703 2090 suis
723 2055 861 2089 viribus
881 2054 1082 2090 innitentes
1104 2055 1228 2089 Pictos
1248 2055 1487 2100 propulerint.

265 2114 402 2148 XIIII.
432 2113 632 2158 Quomodo
651 2113 773 2147 omnis
793 2113 932 2148 iustitia
951 2125 972 2148 a
992 2113 1207 2148 Britonibus
1234 2113 1383 2158 perierit
1410 2121 1445 2149 et
1472 2113 1593 2149 omnis
1612 2113 1779 2159 nequitia
1798 2126 1863 2159 pro

195 2172 360 2215 veritate,
381 2172 494 2207 etiam
513 2171 608 2206 inter
626 2171 832 2216 religiosos,
853 2170 1076 2206 succreverit
1094 2170 1213 2215 (·uent
1233 2171 1269 2205 in
1292 2171 1403 2214 MS).

266 2231 351 2265 XV.
381 2230 491 2274 Quod
527 2229 698 2264 Britones
734 2241 800 2275 pro
836 2229 1045 2264 Saxonibus
1091 2228 1271 2263 miserunt
1306 2236 1341 2263 et
1376 2241 1439 2263 eos
1474 2229 1545 2264 deo
1580 2229 1766 2265 iudicante
1795 2242 1862 2275 pro

196 2287 339 2333 peccati
358 2288 508 2332 fiagello
527 2294 781 2332 susceperunt.

264 2346 371 2379 XVI.
402 2344 570 2389 Qualiter
587 2356 680 2389 gens
701 2343 886 2379 Saxonica
905 2355 988 2378 cum
1008 2343 1124 2378 tribus
1142 2343 1263 2388 kyulis
1283 2343 1490 2388 (supersen,
1506 2343 1526 2379 i.
1548 2344 1670 2389 longis
1689 2344 1863 2388 navibus)

198 2403 430 2438 Britanniam
449 2403 634 2449 appulerit
652 2409 688 2438 et
708 2409 840 2448 postea
860 2401 1032 2436 Britones
1060 2401 1344 2446 impugnaverit.

265 2462 395 2496 XVII.
426 2462 625 2505 Quomodo
658 2462 825 2495 Saxones
857 2467 1000 2495 sumtus
1035 2459 1194 2494 maiores
1226 2459 1335 2494 solito
1365 2467 1540 2505 expetunt
1568 2467 1604 2496 et
1630 2461 1701 2496 hoc
1727 2473 1864 2506 genere

196 2519 440 2566 impugnandi
460 2519 893 2565 materiasquaesierunt
912 2525 947 2553 et
966 2525 1097 2553 sancta
1115 2518 1174 2553 dei
1194 2518 1436 2563 diripuerunt.

264 2579 416 2613 XVIII.
446 2578 614 2622 Qualiter
639 2577 860 2612 Ambrosius
885 2576 1109 2612 Aurelianus
1145 2578 1245 2611 solus
1272 2577 1325 2612 eis
1356 2577 1530 2613 restiterit
1557 2585 1592 2613 et
1619 2578 1702 2624 quis
1730 2579 1864 2615 Gildae

198 2635 385 2681 Sapientis
403 2635 608 2670 nativitatis
626 2647 746 2670 annus
771 2634 827 2670 sit.

265 2695 376 2729 XIX.
418 2693 618 2738 Quomodo
660 2704 754 2738 gens
794 2692 1011 2728 Britannica
1049 2698 1181 2737 postea
1224 2698 1301 2727 tota
1344 2691 1549 2736 ydolatriae
1591 2693 1776 2728 erroribus
1818 2694 1864 2729 sit

198 2752 356 2787 subdita.

265 2812 353 2846 XX.
383 2810 656 2856 Recapitulatio
675 2810 918 2855 singulorum,
938 2821 1034 2855 quae
1061 2807 1230 2854 superius
1249 2808 1437 2854 descripta
1463 2816 1558 2853 sunt,
1578 2809 1863 2855 epigramatum,

197 2869 234 2904 in
264 2882 338 2915 qua
359 2869 664 2915 recapitulatione
692 2876 822 2904 auctor
849 2868 971 2913 operis
996 2867 1176 2913 promittit
1207 2879 1246 2902 se
1276 2867 1455 2902 maiorem
1482 2867 1616 2902 librum
1643 2869 1689 2903 de
1715 2868 1864 2914 regibus

200 2929 393 2963 Britonum
411 2936 447 2963 et
465 2929 511 2963 de
535 2928 683 2974 proeliis
703 2940 831 2963 eorum
849 2927 1148 2970 describendum,
1168 2937 1278 2972 quem
1298 2933 1333 2961 et
1352 2934 1481 2972 postea
1499 2926 1596 2961 facit.

267 2987 390 3021 There
409 2986 439 3021 is
458 2998 506 3021 no
525 2986 704 3021 evidence
722 2986 802 3020 that
822 2985 952 3019 Gildas
971 2996 1058 3018 ever
1075 2991 1189 3018 wrote
1207 2996 1229 3018 a
1246 2985 1347 3018 book
1365 2984 1406 3018 of
1427 2984 1499 3019 this
1524 2984 1751 3030 description
1769 2998 1776 3026 ;
1803 2985 1865 3019 the

336 3045 513 3080 Historia
532 3046 734 3079 Britonum
754 3044 796 3078 of
818 3043 990 3078 Nennius
1019 3055 1115 3087 may,
1135 3043 1315 3086 however,
1336 3043 1382 3077 be
1408 3044 1470 3077 the
1488 3044 1588 3078 book
1607 3050 1743 3087 meant,
1763 3043 1865 3078 since

337 3103 418 3138 that
444 3103 544 3138 work
571 3103 601 3137 is
625 3102 661 3136 in
687 3114 791 3137 some
820 3103 931 3136 MSS.
952 3101 1154 3136 attributed
1180 3108 1217 3136 to
1237 3100 1379 3144 Gildas,
1399 3101 1473 3135 and
1501 3102 1675 3147 Geoffrey
1693 3102 1734 3136 of
1757 3103 1865 3136 Mon-

337 3162 467 3196 mouth
485 3167 617 3206 quotes
635 3161 730 3196 from
749 3160 775 3195 it
793 3160 948 3205 naming
967 3159 1098 3195 Gildas
1116 3171 1157 3194 as
1176 3159 1310 3194 author
1328 3158 1390 3203 (vi,
1413 3169 1453 3203 13
1470 3172 1478 3201 ;
1504 3171 1539 3205 p.
1566 3170 1628 3195 102
1648 3161 1690 3195 of
1701 3160 1828 3204 Brut).

210 3262 213 3264 .
270 3230 483 3276 Expliciunt
504 3229 658 3276 capita]
