2173 3556
7 903 38 930 :A
69 902 128 933 xm,
168 912 211 932 τι

202 942 210 952 l

8 997 102 1025 »Tho

0 1033 216 1072 4:1xonsplboe

0 1076 34 1103 iu·
49 1076 139 1106 uiorrg'

0 1115 174 1153 Tuelxhan

4 1154 40 1181 ht*
65 1154 183 1184 former

1 1197 137 1224 '¹1⁴·'.nie5.

6 1232 42 1262 ⁷)‹.*
57 1235 195 1263 saex‘iore

0 1275 92 1302 (tulto
109 1274 216 1310 primis

5 1320 90 1341 toste.

237 285 296 331 54
716 281 723 291 ”
737 272 815 317 De
841 269 1050 316 Excidio
1076 268 1390 315 Britanniae.

234 407 568 447 adinvenientes
600 407 686 447 tale
719 407 998 459 praesidium,
1026 406 1161 444 immo
1193 404 1416 444 excidium
1450 403 1629 455 patriae,
1652 408 1699 442 ut
1721 401 1894 442 ferocis-

235 476 332 515 simi
358 475 416 514 iili
442 475 622 515 nefandi
657 476 847 515 nominis
880 474 1084 515 Saxones
1118 473 1217 512 Deo
1248 471 1588 523 hominibusque
1611 470 1748 518 invisi,
1769 469 1893 522 quasi

235 545 275 583 in
301 544 449 585 caulas
472 545 576 597 lupi,
598 545 639 584 in
664 545 850 584 insulam
881 545 935 583 ad
970 542 1266 583 retundendas
1289 540 1561 593 aquilonales
1583 546 1737 592 gentes
1760 540 1894 578 intro-

237 612 527 654 mitterentur.
590 613 693 666 Quo
731 613 881 665 utique
918 611 1027 651 nihil
1066 611 1103 650 ei
1143 623 1327 662 usquam
1371 609 1656 662 perniciosius
1698 607 1894 660 nihilque

234 683 426 721 amarius
450 682 612 722 factum
637 688 711 721 est.
776 680 816 722 O
846 680 1106 720 altissimam
1140 691 1292 718 sensus
1324 677 1582 728 caliginem!
1645 675 1686 717 O
1719 676 1894 728 desper-

235 749 397 790 abilem
423 752 692 803 crudamque
715 750 875 789 mentis
897 747 1238 788 hebetudinem!
1299 745 1423 798 Quos
1456 745 1716 798 propensius
1743 751 1894 790 morte,

235 831 338 859 cum
383 820 599 868 abessent,
633 818 895 867 tremebant,
929 824 1099 870 sponte,
1134 822 1182 856 ut
1216 816 1276 856 ita
1309 815 1466 863 dicam,
1504 814 1586 854 sub
1620 814 1748 854 unius
1789 814 1893 853 tecti

237 888 427 928 culmine
460 888 716 928 invitabant.
781 886 1159 938 Stultiprinczses,
1182 891 1229 925 ut
1255 885 1422 925 dictum
1443 884 1538 932 est,1
1560 883 1722 923 Taneos
1742 882 1895 922 dantes

236 956 466 996 Pharaoni
488 955 710 996 consilium
741 955 953 1007 insipiens.
1016 955 1131 994 Tum
1156 967 1389 1006 erumpens
1421 966 1531 1006 grex
1563 952 1807 992 catulorum
1840 952 1895 991 de

237 1026 367 1065 cubili
402 1026 581 1066 leaenae
612 1025 837 1073 barbarae,
869 1023 1019 1072 tribus,
1052 1030 1099 1063 ut
1132 1023 1281 1075 lingua
1313 1023 1406 1061 eius
1437 1021 1712 1074 exprimitur,
1743 1020 1894 1073 cyulis,

237 1096 399 1135 nostra
428 1095 570 1146 longis
613 1094 808 1140 navibus,
840 1093 1043 1132 secundis
1075 1091 1193 1139 velis,
1225 1091 1372 1130 omine
1413 1090 1705 1142 auguriisque,
1736 1088 1895 1141 quibus

236 1163 567 1212 vaticinabatur,
599 1169 718 1202 certo
751 1162 867 1214 apud
903 1174 1002 1201 eum
1038 1160 1278 1213 praesagio,
1309 1160 1427 1211 quod
1462 1166 1527 1199 ter
1558 1165 1735 1198 centum
1768 1158 1895 1197 annis

236 1232 435 1282 patriam,
459 1232 525 1271 cui
559 1245 709 1283 proras
742 1230 942 1277 librabat,
972 1229 1192 1277 insideret,
1220 1234 1396 1268 centum
1427 1241 1531 1267 vero
1562 1227 1895 1281 quinquaginta,

235 1301 317 1340 hoc
355 1307 419 1340 est
457 1300 641 1340 dimidio
683 1299 905 1352 temporiS,
942 1299 1115 1350 saepius
1157 1304 1362 1345 vastaret,
1395 1302 1584 1345 evectus,
1618 1297 1809 1349 primum
1852 1296 1894 1335 in

236 1370 437 1409 orientali
480 1376 603 1422 parte
637 1368 803 1408 insulae
836 1368 1014 1407 iubente
1046 1367 1238 1407 infausto
1271 1373 1461 1419 tyranno
1493 1366 1707 1406 terribiles
1749 1365 1895 1405 infixit

237 1451 417 1489 ungues,
432 1438 555 1489 quasi
576 1451 653 1489 pro
677 1437 819 1489 patria
836 1442 1124 1489 pugnaturus,
1141 1436 1217 1475 sed
1241 1449 1338 1475 eam
1362 1436 1521 1476 certius
1545 1436 1894 1488 impugnaturus

239 1507 319 1547 Cui
363 1507 614 1560 supradicta
655 1506 871 1558 genetrix,
905 1505 1180 1557 comperiens
1222 1505 1364 1557 primo
1397 1505 1564 1557 agmini
1603 1504 1734 1544 fuisse
1775 1518 1895 1557 pros-

239 1581 452 1628 peratum,
485 1575 589 1615 item
624 1575 760 1614 mittit
793 1573 1032 1613 satellitum
1065 1587 1314 1625 canumque
1347 1573 1633 1626 prolixiorem
1668 1579 1896 1621 catastam,

239 1658 351 1696 quae
384 1644 549 1684 ratibus
579 1644 764 1684 advecta
793 1644 1013 1682 adunatur
1041 1656 1140 1681 cum
1175 1642 1522 1694 manipularibus
1554 1641 1722 1694 spuriis.
1789 1641 1898 1681 Inde

237 1726 415 1764 germen
451 1713 707 1764 iniquitatis,
738 1712 864 1751 radix
897 1711 1215 1759 amaritudinis,
1236 1710 1453 1750 virulenta
1486 1710 1705 1763 plantatio
1737 1710 1928 1750 nostris:

238 1782 458 1833 condigna
491 1781 668 1830 meritiS,
700 1781 742 1819 in
777 1786 928 1820 nostro
960 1780 1137 1831 cespite,
1170 1779 1386 1819 ferocibus
1427 1779 1685 1832 palmitibus
1727 1780 1897 1832 pampi-

239 1850 391 1902 nisque
425 1850 619 1902 pullulat.
686 1850 826 1901 Igitur
858 1849 1099 1889 intromissi
1122 1849 1164 1888 in
1188 1848 1376 1888 insulam
1408 1848 1594 1896 barbari,
1616 1848 1752 1888 veluti
1786 1848 1896 1888 mili-

237 1918 353 1957 tibus
386 1925 428 1958 et
462 1932 633 1970 magna,
658 1924 704 1957 ut
735 1917 1072 1965 mentiebantur,
1094 1917 1349 1957 discrimina
1381 1931 1460 1970 pro
1492 1916 1618 1956 bonis
1650 1917 1898 1969 hospitibus

237 1987 455 2034 subituris,
474 1987 711 2038 impetrant
735 1986 816 2025 sibi
840 1999 1040 2025 annonas
1063 1985 1177 2025 dari:
1209 1999 1322 2038 quae
1341 1986 1482 2025 multo
1505 1991 1706 2038 tempore
1736 1986 1894 2038 imper-

237 2056 343 2095 titae
381 2056 642 2104 clauserunt,
675 2061 722 2094 ut
763 2055 934 2103 dicitur,
966 2055 1087 2094 canis
1120 2055 1302 2095 faucem.
1368 2055 1480 2094 Item
1523 2061 1768 2107 queruntur
1809 2068 1897 2094 non
1942 2076 1952 2080 -

237 2123 466 2163 affluenter
498 2124 579 2163 sibi
613 2124 831 2176 epImenia
864 2123 1094 2173 contribui,
1127 2125 1381 2164 occasiones
1413 2123 1468 2163 de
1502 2124 1718 2164 industria
1760 2124 1897 2164 color-

238 2199 375 2241 antes,
407 2198 450 2232 et
483 2193 524 2231 ni
564 2192 781 2244 profusior
814 2193 876 2232 eis
915 2192 1216 2233 munificentia
1253 2193 1561 2242 cumularetur,
1594 2199 1815 2233 testantur
1852 2208 1898 2234 se

238 2268 396 2301 cuncta
433 2261 602 2301 insulae
640 2267 769 2314 rupto
808 2261 983 2301 foedere
1023 2261 1381 2314 depopulaturos.
1454 2262 1548 2302 Nec
1591 2276 1714 2302 mora
1756 2264 1897 2303 minas

238 2330 466 2370 effectibus
490 2337 823 2383 prosequuntur.

233 2468 423 2512 poenalem
459 2479 571 2511 quam
607 2468 659 2500 ml
688 2469 932 2502 sacerdotium
969 2469 1223 2511 sraheremz'w',
1258 2469 1379 2502 where
1420 2472 1562 2502 catasta
1600 2476 1698 2503 must
1732 2481 1843 2503 mean
1877 2481 1899 2503 a

240 2526 391 2559 scaffoid
417 2538 457 2559 as
489 2526 578 2559 used
608 2527 663 2559 sor
691 2527 752 2560 the
783 2526 1023 2570 punishment
1051 2527 1092 2560 of
1115 2527 1316 2560 criminals.
1374 2527 1414 2560 In
1442 2526 1515 2560 this
1534 2538 1693 2571 passage
1717 2527 1780 2561 the
1798 2527 1899 2560 word

238 2585 375 2623 classis,
409 2583 474 2623 i.e.,
506 2584 600 2623 ficet,
634 2583 662 2617 is
693 2583 918 2618 substituted
952 2585 1007 2618 for
1042 2585 1066 2618 it
1102 2585 1150 2628 by
1182 2585 1308 2618 Beda:
1352 2585 1523 2618 millilzcr
1548 2585 1737 2629 cozigseslz‘m
1772 2585 1900 2619 classis

234 2642 430 2685 prolixior.
484 2642 566 2675 One
594 2642 761 2676 instance
788 2643 881 2676 from
906 2655 953 2676 an
981 2642 1230 2687 unpublished
1252 2644 1332 2676 MS.
1353 2642 1503 2676 treatise
1521 2654 1569 2676 on
1588 2642 1749 2686 military
1767 2642 1898 2677 tactics

241 2699 268 2731 is
289 2699 476 2732 furnished
498 2701 543 2742 hy
572 2701 631 2732 Du
659 2701 798 2744 Cange,
819 2702 940 2734 where
968 2701 1030 2734 the
1049 2701 1148 2734 word
1176 2700 1205 2733 is
1233 2701 1324 2734 used
1343 2701 1398 2734 for
1412 2712 1433 2734 a
1451 2701 1548 2745 heap
1574 2701 1615 2735 of
1626 2701 1749 2746 selled
1767 2701 1896 2735 wood:

239 2756 373 2787 staria!
398 2757 567 2799 lignaria
601 2757 761 2790 incidere
788 2758 831 2791 de
855 2759 989 2802 quibus
1017 2759 1123 2802 fiemt
1158 2759 1197 2790 in
1227 2758 1388 2791 diversis
1422 2759 1511 2791 locis
1543 2759 1628 2803 soci
1663 2759 1702 2792 in
1728 2759 1786 2792 die
1812 2770 1900 2792 suae

239 2814 476 2855 disi‘cs-simeln
503 2818 538 2847 el
563 2817 720 2848 accensis
748 2817 901 2849 calaslz‘s
929 2817 1120 2860 lignorum
1150 2816 1279 2849 statim
1313 2816 1478 2849 discedat
1507 2828 1590 2849 cum
1625 2828 1692 2850 suo
1724 2818 1896 2850 arem-itu.

241 2872 336 2903 Such
365 2884 385 2904 a
416 2872 590 2915 meaning
608 2874 728 2907 would
755 2874 871 2918 easily
889 2874 971 2917 give
997 2875 1059 2908 the
1087 2873 1334 2917 signification
1362 2875 1403 2908 of
1427 2886 1449 2908 a
1477 2875 1564 2920 rust,
1584 2874 1620 2908 in
1641 2874 1759 2909 which
1789 2886 1898 2910 sense

241 2930 369 2962 (Lildas
389 2931 555 2974 ‹mploys
575 2932 636 2964 the
656 2932 755 2965 word
775 2932 862 2966 here
881 2943 922 2966 as
941 2944 962 2965 a
981 2939 1266 2976 contemptuous
1286 2932 1500 2976 expression
1521 2932 1607 2966 with
1626 2933 1778 2967 ratibus.
1831 2934 1896 2967 Dr.

244 2987 390 3022 inivit-s.
419 2987 453 3020 in
486 2988 541 3021 his
571 2989 834 3023 l.‹zlz'n-1Velslz
864 2990 1096 3033 Didiomzry,
1123 2989 1227 3033 gives
1255 2990 1316 3023 the
1344 2990 1474 3023 &Velsh
1502 2990 1897 3035 carchardy=prisow

241 3044 364 3082 house,
385 3045 439 3077 sor
457 3049 606 3079 [sclavia.
659 3047 739 3080 The
759 3048 844 3089 only
863 3049 970 3081 other
997 3047 1173 3091 meaning
1198 3047 1307 3091 given
1335 3048 1383 3091 by
1405 3049 1464 3081 Du
1494 3048 1622 3091 Cange
1648 3047 1677 3082 is
1697 3049 1776 3082 that
1796 3049 1897 3082 osan

242 3101 459 3136 instrument
479 3104 519 3136 os
535 3111 680 3147 toi-ture,
697 3116 717 3138 a
738 3106 891 3139 wooden
912 3106 1010 3148 rack,
1028 3106 1136 3140 made
1157 3105 1191 3139 in
1208 3106 1270 3139 the
1289 3106 1405 3149 shape
1424 3105 1499 3139 ofa
1512 3106 1632 3148 horse,
1650 3107 1838 3150 equuleus,
1857 3118 1899 3140 or

242 3171 262 3192 a
282 3161 385 3193 “bc-<l
418 3161 457 3193 of
481 3161 576 3194 ir‹›n''
597 3173 642 3195 on
675 3162 793 3196 which
831 3170 988 3207 martyrs
1020 3175 1114 3197 were
1141 3163 1283 3208 placed,
1313 3163 1376 3197 fire
1403 3163 1514 3207 being
1541 3162 1694 3197 kindled
1723 3164 1896 3199 beneath.

244 3218 365 3260 Scala,
393 3219 456 3251 vr!
486 3231 606 3263 genus
641 3223 778 3262 poenae
816 3221 967 3265 equuleo
1010 3222 1149 3255 similis
1180 3221 1208 3255 is
1240 3221 1378 3266 quoted
1415 3221 1510 3255 from
1536 3232 1557 3255 a
1591 3221 1693 3265 gloss
1728 3220 1764 3255 in
1798 3223 1897 3266 Asai,

1914 1037 1952 1057 10

1915 1378 1952 1407 15
