2214 3556
377 284 402 329 3
411 272 438 315 6
447 286 468 314 2
1034 268 1082 315 V
1079 269 1149 316 ita
1190 268 1380 316 Gildae.

369 405 534 444 ducens
572 404 750 445 tandem
781 419 806 445 a
832 406 1025 446 Domino
1057 412 1212 446 vocata
1243 405 1373 445 beato
1407 404 1491 445 fine
1514 404 1690 457 quievit.
1755 403 1890 444 Filius
1928 415 2030 443 vero

367 474 459 513 eius
481 480 524 514 et
561 474 653 526 ipse
676 473 817 514 clarus
853 474 1085 514 virtutibus
1123 481 1166 514 ct
1191 474 1411 514 miraculis
1446 474 1636 522 beatam,
1669 486 1802 526 quarn
1826 473 2030 520 duxerat,

366 544 502 583 vitam
537 544 666 583 beato
690 542 774 583 fine
796 543 1046 597 complevit.
1111 543 1243 583 Hunc
1267 557 1370 596 ergo
1405 542 1602 583 Britanni
1626 542 1683 582 ob
1720 542 2028 582 discretionem

366 612 543 652 alterius
566 612 682 652 beati
707 611 877 662 Gildae,
902 625 987 652 non
1013 611 1192 652 Gildam
1216 625 1329 659 eum,
1354 612 1430 651 sed
1456 611 1774 651 Trechmorum
1800 616 1970 650 vocant.

455 681 513 721 Et
550 681 652 733 quia
685 695 759 733 per
790 681 998 720 miracula
1024 688 1288 729 sanctorum,
1326 694 1438 733 quae
1474 681 1515 720 in
1554 694 1656 720 aure
1692 679 1885 719 fidelium
1924 679 2028 718 reci·
2052 673 2112 716 26

365 756 525 799 tantur,
547 750 745 790 omnium
770 763 912 789 rerum
937 756 1105 789 creator
1128 749 1331 789 laudatur
1354 763 1404 789 ac
1429 756 1670 797 veneratur,
1703 749 1776 801 qui
1799 749 1841 787 in
1865 747 2029 787 sanctis

365 820 454 859 suis
489 832 670 858 manens
704 818 813 858 mira
844 832 921 871 per
963 818 1058 858 illos
1107 824 1322 870 operatur,
1356 819 1540 870 dignum
1579 818 1789 858 duximus
1842 816 2030 856 scribere

369 888 502 927 etiam
532 888 752 935 virtutem,
778 900 912 939 quam
945 887 1165 927 Dominus
1202 888 1411 939 dignatus
1444 894 1510 927 est
1542 887 1712 939 operari
1746 900 1822 939 per
1855 899 2028 925 servum

366 970 493 995 suum
538 955 714 996 Gildam
754 956 796 994 in
831 955 958 1008 plebe
991 956 1130 996 sancti
1167 955 1411 996 Demetrii.l
1475 955 1583 996 Erat
1617 956 1732 995 enirn
1772 956 1811 994 in
1838 953 2034 1007 praefata

367 1024 494 1077 plebe
522 1031 742 1076 stagnum,
767 1025 809 1063 in
834 1025 956 1064 cuius
981 1031 1109 1076 portu
1143 1024 1398 1064 residebant
1422 1024 1669 1072 latrunculi,
1702 1024 1775 1076 qui
1816 1024 1958 1063 nudos
1981 1036 2030 1062 ac
2051 1034 2088 1054 10

366 1094 630 1141 verberatos,
652 1106 782 1145 saepe
804 1093 938 1132 etiam
961 1093 1196 1133 semivivos
1221 1093 1537 1145 permittebant
1570 1093 1689 1132 abire
1723 1092 1822 1132 illuc
1848 1092 2026 1132 adveni-

368 1168 501 1201 entes.
584 1161 653 1200 De
703 1175 891 1213 quorum
945 1162 1077 1214 igitur
1119 1162 1314 1214 nequitia
1370 1175 1525 1201 omnes
1577 1152 1921 1213 circumquaque
1973 1160 2031 1199 ibi

367 1231 618 1270 habitantes
675 1230 959 1270 vehementer
1006 1231 1231 1279 commoti,
1283 1244 1382 1270 cum
1423 1244 1498 1282 per
1539 1244 1584 1270 se
1632 1230 1728 1270 illos
1780 1229 1896 1269 illinc
1943 1242 2030 1268 non

365 1299 561 1338 valerent
592 1298 826 1350 expellere,
865 1298 1131 1350 praesidium
1167 1298 1307 1338 sancti
1345 1304 1625 1351 exposcunt:
1657 1298 1732 1350 qui
1771 1297 2032 1350 perveniens

367 1382 504 1420 usque
538 1368 591 1407 ad
625 1382 673 1407 os
717 1368 861 1419 stagni
904 1373 1062 1406 exorat
1103 1368 1347 1416 dominum,
1374 1374 1421 1407 ut
1456 1366 1692 1406 concludat
1735 1367 1849 1406 illius
1885 1366 2030 1418 stagni
2053 1374 2088 1404 15

367 1437 547 1477 aditum.
611 1436 846 1489 Completa
881 1436 1029 1488 itaque
1061 1437 1259 1476 oratione
1294 1450 1350 1475 ex
1388 1449 1519 1476 arena
1542 1443 1712 1476 erectus
1736 1442 1801 1475 est
1833 1435 2031 1475 tumulus

368 1519 567 1559 magnus,
590 1506 661 1545 ubi
700 1506 819 1558 prius
844 1505 1138 1557 malignorum
1164 1506 1217 1545 ad
1250 1505 1549 1545 insidiandum
1574 1511 1666 1544 erat
1704 1504 1834 1544 locus.
1898 1503 2029 1556 Quod

368 1575 625 1615 miraculum
662 1581 889 1614 cernentes
912 1575 985 1627 qui
1010 1588 1109 1614 cum
1133 1580 1287 1614 sancto
1310 1575 1402 1614 viro
1440 1574 1541 1614 illuc
1576 1575 1858 1622 advenerant,
1884 1573 2029 1613 Deum

367 1644 720 1696 glorificaverunt
743 1657 792 1683 ac
825 1650 1026 1683 sanctum
1051 1643 1230 1684 Gildam
1263 1643 1474 1695 deinceps
1498 1643 1539 1682 in
1566 1656 1726 1694 magna
1751 1643 2031 1682 veneratione

370 1714 629 1754 habuerunt.
2051 1722 2090 1742 20

462 1782 509 1821 In
545 1781 700 1821 eadem
735 1794 912 1833 quoque
950 1781 1127 1833 regione
1150 1787 1215 1820 est
1247 1781 1499 1828 oratorium,
1521 1779 1639 1833 quod
1674 1780 1841 1820 incolae
1873 1786 2032 1820 vocant
2055 1784 2112 1830 27

370 1864 496 1890 mons
520 1848 768 1898 Coetlann‚2
789 1851 906 1903 quod
927 1856 1054 1889 sonat
1092 1850 1430 1901 interpretatum
1469 1850 1784 1889 monasterium
1826 1849 2027 1888 nemoris

369 1920 571 1972 Cumque
593 1919 805 1968 homines,
828 1919 901 1971 qui
925 1933 970 1959 se
1004 1918 1222 1958 faciebant
1246 1918 1360 1958 illius
1395 1924 1536 1958 terrae
1568 1915 1763 1967 heredes,
1787 1918 1920 1958 servis
1947 1918 2030 1957 Dei

369 1988 427 2028 ibi
470 1988 864 2040 contemplativam
908 1988 1044 2027 vitam
1087 1988 1352 2028 ducentibus
1404 2001 1535 2040 saepe
1589 1987 1767 2027 iniurias
1810 1987 2031 2035 inferrent,

368 2063 611 2098 asserentes
645 2057 740 2097 illos
773 2057 828 2097 de
865 2064 978 2097 terra
1015 2057 1230 2106 excolere,
1267 2071 1380 2109 quae
1407 2058 1569 2096 circum
1607 2057 1847 2097 oratorium
1891 2057 2030 2096 sancti
2051 2063 2088 2092 25

369 2125 525 2166 Gildae
557 2125 799 2172 adiacebat,
837 2125 934 2177 plus
972 2139 1105 2178 quam
1148 2126 1208 2165 eis
1243 2126 1507 2175 ostenderat,
1539 2126 1600 2165 vir
1632 2139 1735 2165 vero
1759 2125 1842 2165 Dei
1878 2124 2030 2164 volens

439 2284 449 2305 1
474 2285 636 2329 Inplebe
652 2286 775 2319 sancti
792 2286 982 2319 Demetrii.
1036 2287 1097 2319 Du
1118 2286 1247 2330 Cange
1260 2284 1362 2330 gives
1382 2285 1523 2319 several
1537 2284 1750 2330 quotations
1767 2284 1936 2329 showing
1950 2285 2032 2319 how

369 2344 429 2377 the
449 2343 548 2377 word
571 2343 682 2387 plebs,
694 2344 848 2387 plebem,
867 2343 1018 2378 besides
1046 2343 1091 2378 its
1115 2343 1291 2388 ordinary
1320 2343 1427 2378 Latin
1455 2343 1633 2388 meaning
1652 2344 1695 2378 of
1721 2343 1740 2359 “
1756 2344 1922 2388 people‚⁷’
1943 2344 2032 2377 took

367 2402 447 2435 also
466 2402 527 2435 the
546 2401 806 2445 signification,
821 2401 856 2436 in
873 2402 989 2436 Celtic
1007 2402 1194 2436 countries
1214 2401 1462 2447 particularly,
1477 2402 1518 2436 of
1532 2401 1811 2437 “district''and
1829 2402 1849 2417 “
1863 2402 2033 2436 church.'⁷

368 2459 491 2492 XVhen
510 2459 602 2493 used
616 2459 657 2492 of
678 2470 699 2492 a
726 2459 876 2502 church,
896 2459 921 2493 it
939 2459 1095 2494 denotes
1115 2460 1176 2494 the
1195 2460 1345 2493 Mother
1373 2460 1521 2493 Church
1540 2460 1582 2493 of
1603 2471 1625 2493 a
1643 2459 1800 2499 district,
1820 2460 1942 2493 where
1970 2459 2032 2493 the

369 2524 598 2550 sacraments
625 2517 734 2550 could
763 2518 808 2551 be
826 2517 1104 2560 administered,
1125 2518 1203 2552 that
1223 2517 1264 2559 is,
1284 2518 1346 2552 the
1373 2518 1518 2552 ecclesia
1535 2518 1781 2561 baptismalis.
1836 2518 1949 2550 From
1969 2517 2032 2550 the

369 2586 444 2608 acc.
464 2575 605 2618 plebem
626 2576 686 2608 the
706 2576 834 2609 &Velsh
864 2576 1049 2619 langnage
1076 2576 1143 2610 has
1169 2576 1363 2609 horrowetl
1382 2575 1516 2620 plwygf
1533 2587 1572 2609 as
1595 2574 1772 2619 meaning
1791 2575 1811 2590 “
1828 2586 2031 2618 congrega-

371 2632 476 2675 tion⁷',
497 2633 570 2666 and
591 2632 625 2666 in
654 2633 699 2667 its
726 2632 921 2667 territorial
942 2633 1118 2677 meaning
1148 2632 1398 2677 of“parish’';
1425 2644 1466 2666 so
1492 2633 1572 2667 also
1603 2632 1638 2666 in
1669 2632 1859 2675 Britanny‚
1881 2633 1942 2666 the
1968 2632 2030 2666 old

372 2691 461 2723 form
479 2690 597 2733 ploel),
613 2691 737 2734 plot-v,
753 2691 907 2725 became
924 2691 1030 2735 plen,
1049 2691 1123 2725 and
1151 2690 1180 2724 is
1207 2691 1322 2724 found
1350 2691 1383 2724 in
1412 2702 1433 2724 a
1457 2697 1562 2735 great
1581 2691 1738 2724 number
1756 2690 1797 2724 os
1818 2690 2031 2735 compound

372 2749 641 2791 place-names:
663 2749 789 2793 to-day
804 2749 866 2783 the
885 2750 1098 2783 communal
1116 2760 1227 2783 name
1245 2749 1286 2782 of
1299 2749 1617 2791 Ploudelmeseazt,
1633 2748 1688 2782 for
1706 2748 1887 2790 instance,
1901 2748 2031 2782 stands

372 2806 424 2838 tor
444 2807 548 2839 l'lclts
574 2807 806 2840 Iklmedovizz
824 2807 865 2841 of
884 2807 946 2841 the
973 2807 1054 2840 Vsta
1072 2808 1198 2840 Pauli.
1257 2808 1307 2841 M.
1329 2807 1375 2841 de
1402 2807 1436 2840 la
1467 2806 1644 2840 Borderie
1671 2805 1839 2850 explains
1866 2806 1945 2840 that
1970 2806 2031 2840 the

364 2864 466 2905 plebs
491 2875 532 2896 or
548 2864 642 2907 fison
669 2864 709 2897 of
732 2866 782 2898 St.
813 2864 1028 2899 Demetrius
1053 2864 1082 2899 is
1114 2865 1293 2907 Plozevet‚
1315 2864 1434 2898 which
1462 2864 1497 2898 in
1522 2865 1584 2898 the
1606 2864 1808 2908 Cartulczty
1826 2875 1860 2908 ο]
1887 2864 2030 2898 Laude-

372 2932 479 2954 wmst·
495 2921 613 2963 (tenth
632 2923 799 2966 century)
819 2922 848 2956 is
867 2923 986 2957 called
1004 2924 1150 2957 vicaria
1169 2923 1327 2956 Demelt.

441 2999 453 3019 2
481 3001 667 3033 (berlaum.
720 2990 752 3034 Α
769 3002 889 3035 Bosco
904 3003 977 3035 and
997 3002 1178 3036 Mabillon
1193 3002 1288 3047 print
1305 3003 1517 3044 coerlalzem,
1535 3002 1653 3036 which
1668 3014 1826 3047 appears
1840 3002 2030 3047 meaning-

373 3057 453 3089 less.
483 3058 562 3090 'she
582 3058 816 3102 biographer,
830 3059 1004 3104 knowing
1019 3072 1066 3093 no
1081 3060 1259 3104 meaning
1274 3061 1314 3094 of
1323 3061 1415 3094 lam!
1429 3067 1559 3104 except
1572 3062 1851 3103 monasterium,
1864 3060 2030 3105 explains

374 3114 433 3146 the
461 3126 569 3147 name
600 3126 640 3148 as
672 3115 852 3159 implying
871 3117 965 3150 “the
996 3126 1209 3162 monastery
1235 3119 1277 3151 of
1302 3119 1363 3152 the
1390 3118 1507 3160 wood,
1527 3130 1568 3151 01·
1596 3119 1746 3162 grove'';
1775 3119 1839 3152 Dr.
1870 3119 2032 3152 Zimmer

374 3179 546 3205 ventures
566 3183 663 3215 upon
679 3184 700 3206 a
719 3173 890 3208 disserent
909 3173 1203 3219 interpretation,
1222 3177 1300 3210 that
1329 3175 1370 3217 is,
1390 3176 1410 3192 “
1426 3176 1487 3210 the
1513 3187 1626 3219 grove
1643 3176 1685 3210 of
1706 3176 1769 3210 the
1788 3176 2032 3219 monastery.”

379 3230 388 3261 l
419 3240 478 3261 am
500 3229 658 3263 inclined
674 3238 710 3264 to
738 3230 880 3265 believe
893 3232 971 3266 that
991 3233 1080 3267 both
1108 3245 1170 3267 are
1200 3245 1336 3277 wrong.
1391 3235 1464 3268 For
1487 3234 1580 3268 from
1602 3234 1663 3269 the
1680 3234 1784 3269 Book
1800 3234 2032 3279 oleanddv
