2214 3556
38 448 89 476 Osa
94 447 145 476 lm.
165 456 210 480 cv,
231 456 276 484 31.

34 521 84 550 ἀς.
101 520 180 553 xxiv¹
202 529 246 548 11.

28 729 82 757 lus.
102 728 162 761 xxi,
180 737 225 756 22.

24 1010 94 1039 lad.
115 1010 153 1039 xi.

25 1137 37 1165 1
56 1136 124 1165 Cor.
141 1145 170 1168 x,
189 1145 235 1173 33.

22 1343 93 1372 lud.
114 1342 152 1375 vi,
168 1352 196 1378 7.

38 1617 100 1646 'sazss
120 1616 192 1649 lviii,
213 1625 237 1644 1.

50 1696 145 1724 'salva
162 1694 243 1729 xviii¹
257 1704 284 1731 4.

50 1897 56 1899 ’
77 1897 144 1925 Cor.
164 1896 202 1929 ἰν,
219 1905 248 1932 7.

318 331 333 360 Ι
346 316 409 362 80
813 316 891 362 De
917 317 1127 364 Excidio
1151 316 1465 363 Britanniae.

307 450 370 490 ira
399 450 564 504 populo
594 451 899 501 inardesceret,
922 453 1034 493 sicut
1058 453 1216 493 Finees
1246 452 1461 501 sacerdos,
1484 457 1532 491 ut
1554 464 1630 504 per
1659 450 1742 491 hoc
1774 451 1819 492 z'n
1850 451 1967 492 aevol

308 525 582 571 reputaretur
615 519 686 560 illi
723 520 904 570 iustitia,
941 527 1117 561 strenue
1151 520 1459 560 consurrexit?
1521 518 1632 572 Quis
1669 532 1772 560 vero
1817 533 1968 560 eorum

307 587 375 628 vel
411 588 452 627 in
490 588 836 641 extirpationem
871 603 1009 642 usque
1041 590 1097 629 ad
1130 589 1465 629 internicionem
1499 588 1554 628 de
1589 594 1704 628 terra
1737 589 1969 640 repromis-

307 656 441 695 sionis
495 663 666 708 septem
716 657 915 709 gentium
963 657 1117 697 morali
1164 656 1467 708 intelligentia,
1509 655 1577 696 vel
1620 655 1674 695 ad
1718 655 1970 695 constabili-

308 726 474 765 tionem
507 725 715 778 spiritalis
749 726 882 765 Israel
915 740 995 778 pro
1033 726 1093 765 eis
1130 726 1274 765 Iesum
1310 725 1436 765 Nave
1468 725 1666 764 imitatus
1698 728 1797 764 est?
1859 724 1970 777 Quis

307 807 457 833 eorum
483 794 647 846 populo
667 794 749 834 Dei
774 793 926 834 finales
948 794 1158 834 terminos
1181 800 1302 833 trans
1324 793 1570 842 Iordanem,
1589 799 1637 833 ut
1665 793 1848 833 sciretur
1864 793 1969 846 quid

308 862 376 902 cui
419 862 552 902 tribui
595 863 840 911 conveniat,
882 863 994 902 sicut
1045 862 1298 915 supradicti,
1342 862 1499 902 Finees
1541 862 1708 902 scilicet
1749 869 1792 902 et
1838 863 1970 912 Iesus,

308 931 525 982 sagaciter
547 931 746 980 divisere,
768 932 996 971 ostendit?

366 998 476 1051 Quis
500 1006 546 1040 ut
569 1000 917 1040 adversariorum
942 1000 1059 1053 plebi
1084 1000 1168 1040 Dei
1192 1000 1423 1039 innumera
1445 1006 1740 1052 prosterneret
1771 1001 1971 1052 gentium

308 1068 439 1117 milia,
462 1069 637 1108 unicam
661 1068 809 1117 filiam,
831 1082 943 1121 quae
965 1069 1144 1121 propria
1175 1067 1381 1120 voluptas
1409 1068 1690 1121 intellegitur,
1718 1069 1896 1108 imitans
1929 1075 1972 1108 et

306 1136 348 1176 in
368 1137 449 1176 hoc
465 1137 717 1189 apostolum
736 1136 971 1177 dicentem:
994 1150 1076 1176 non
1098 1150 1305 1189 quaerens
1317 1136 1433 1189 quod
1444 1137 1558 1176 mila·
1571 1136 1674 1177 utile
1687 1143 1758 1186 est,
1774 1137 1852 1177 sed
1862 1138 1978 1190 quod

307 1205 465 1254 multis,
483 1211 532 1245 ut
541 1205 791 1258 salvz'fiant,
810 1205 1063 1245 obviantem
1079 1204 1319 1245 victoribus
1338 1219 1437 1245 cum
1454 1206 1680 1258 tympanis
1697 1212 1741 1246 et
1758 1205 1912 1255 choris,
1929 1207 1971 1246 id

307 1281 372 1314 est
395 1273 642 1314 carnalibus
664 1274 905 1323 desideriis,
924 1275 967 1313 in
991 1273 1252 1314 sacrificium
1274 1275 1450 1314 votivae
1472 1274 1745 1327 placationis,
1763 1281 1812 1314 ut
1837 1275 1972 1327 Iepte‚

307 1344 548 1384 mactavit?
629 1343 740 1396 Quis
782 1357 934 1383 eorum
970 1344 1025 1383 ad
1066 1343 1374 1383 conturbanda
1411 1343 1606 1396 fuganda
1648 1343 1972 1397 sternendaque

306 1412 593 1464 superbarum
627 1411 826 1464 gentium
861 1417 1017 1459 castra,
1039 1412 1236 1464 mysterii
1269 1411 1509 1461 trinitatis,2
1532 1418 1579 1452 ut
1611 1425 1742 1464 supra
1764 1412 1973 1461 diximus,

307 1496 406 1522 cum
450 1481 659 1534 lagoenas
691 1481 793 1521 viris
826 1481 1079 1521 tenentibus
1114 1481 1316 1534 egregias
1354 1481 1397 1520 in
1433 1479 1637 1520 manibus
1674 1487 1973 1533 sonantesque

307 1551 448 1600 tubas,
471 1550 513 1590 id
547 1557 614 1591 est
645 1550 927 1603 propheticos
959 1556 1002 1590 et
1034 1550 1302 1603 apostolicos
1334 1550 1519 1599 sensUS,3
1541 1556 1587 1590 ut
1610 1550 1728 1590 dixit
1753 1549 1973 1589 Dominus

308 1619 579 1672 prophetae:
611 1619 751 1659 exalta
772 1619 1020 1671 quasz‘tuba
1041 1633 1178 1659 vocem
1210 1625 1342 1659 tuam.
1406 1619 1466 1659 Et
1497 1619 1727 1672 psalmista
1759 1619 1814 1659 de
1845 1632 1973 1671 apos-

308 1689 433 1729 tolis:
467 1689 511 1728 z'n
534 1702 699 1729 omnem
722 1694 883 1728 terram
905 1688 1041 1728 exivit
1063 1702 1191 1728 sonus
1218 1702 1362 1728 eorum
1391 1694 1434 1728 et
1463 1687 1672 1740 lagoenas
1709 1687 1973 1740 splendidis-

308 1759 420 1798 simo
443 1758 556 1810 ignis
578 1757 742 1797 lumine
764 1763 895 1797 noctu
919 1764 1210 1806 coruscantes,
1232 1770 1345 1810 quae
1368 1757 1641 1808 accipiuntur
1656 1757 1697 1796 in
1720 1762 1972 1796 sanctorum

309 1827 564 1880 corporibus
587 1826 715 1866 bonis
737 1827 942 1879 operibus
965 1826 1152 1866 annexis
1175 1832 1218 1866 et
1252 1826 1404 1867 Sancti
1437 1825 1628 1878 Spiritus
1661 1826 1750 1878 igni
1783 1825 1973 1866 ardenti-

309 1895 403 1945 bus,
426 1902 472 1935 ut
495 1895 734 1947 apostolus,
757 1894 965 1943 habentes,
988 1894 1140 1947 inquit,
1170 1893 1419 1934 thesaurum
1449 1893 1580 1933 istum
1610 1893 1654 1933 in
1684 1893 1802 1933 vasis
1819 1894 1972 1946 fictili-

309 1965 396 2013 bus,
420 1970 520 2016 post
544 1964 772 2003 idolatriae
804 1964 901 2013 luci,
933 1963 1052 2016 quod
1090 1964 1314 2003 moraliter
1348 1964 1685 2015 interpretatum
1723 1963 1973 2002 condensae

310 2039 353 2073 et
386 2032 533 2072 fuscae
565 2032 833 2085 cupiditatis,
855 2032 1143 2072 succisionem
1168 2031 1321 2072 silvae4
1342 2038 1386 2072 et
1408 2031 1630 2072 evidentia
1654 2031 1781 2083 signa
1807 2032 1973 2071 Iudaici

310 2101 480 2141 velleris
517 2101 669 2140 imbris
702 2100 903 2141 caelestis
937 2101 1133 2153 expertis
1171 2107 1214 2140 et
1251 2101 1426 2153 gentilis
1464 2114 1559 2140 rore
1594 2100 1748 2142 Sancti
1783 2100 1973 2153 Spiritus

312 2170 548 2211 madefacti
572 2169 658 2210 fide
681 2183 767 2210 non
787 2170 932 2218 dubia,
955 2176 1002 2210 ut
1021 2169 1217 2219 Gedeon,
1240 2170 1482 2221 processit?

380 2327 390 2348 ¹
416 2328 463 2360 ln
485 2338 574 2361 aevo
594 2343 625 2354 ε
644 2328 684 2360 in
702 2338 846 2360 aevum.
892 2327 958 2369 Cf„
974 2338 1015 2360 as
1044 2325 1264 2371 previously,
1287 2326 1450 2369 Ro'nsch,
1468 2326 1571 2360 Itala
1589 2337 1623 2360 u.
1649 2326 1819 2371 Vulgata,
1839 2337 1873 2370 p.
1891 2325 1970 2368 406.

307 2386 457 2419 flevum
488 2385 578 2419 does
605 2391 670 2418 not
697 2396 838 2429 appear
866 2384 901 2417 in
932 2385 995 2418 the
1026 2384 1133 2418 Latin
1166 2384 1272 2418 Eible
1304 2385 1345 2418 of
1367 2385 1430 2418 the
1464 2384 1626 2428 Vulgate
1660 2383 1808 2418 version
1842 2389 1972 2427 except

308 2443 343 2476 in
375 2442 673 2486 Ecclesiasticus,
692 2442 822 2485 which,
842 2442 868 2477 it
899 2442 928 2476 is
947 2443 1027 2477 well
1046 2443 1193 2486 known,
1212 2454 1286 2476 was
1311 2449 1375 2476 not
1402 2441 1547 2476 revised
1575 2443 1624 2486 by
1650 2443 1808 2486 Jerome.
1859 2443 1974 2484 Text,

306 2502 380 2545 Ap.
402 2502 433 2545 8,
452 2501 596 2536 writes:
625 2502 866 2546 conszgvzalzcs
891 2502 994 2535 vivis
1019 2502 1059 2534 z'n
1084 2512 1230 2535 aevum.
1289 2501 1360 2534 We
1378 2501 1476 2534 have
1502 2501 1587 2534 thus
1616 2500 1651 2533 in
1678 2499 1751 2534 this
1778 2499 1972 2545 quotation

307 2560 464 2594 another
482 2559 585 2604 piece
612 2559 653 2593 of
674 2559 736 2593 the
757 2559 830 2593 Old
859 2558 966 2593 Latin
988 2560 1132 2593 Psalter
1149 2558 1241 2592 used
1260 2558 1296 2592 in
1317 2554 1471 2601 Britain,
1491 2565 1551 2602 yet
1570 2558 1631 2592 the
1650 2557 1817 2601 wording
1838 2557 1866 2590 is
1885 2568 1973 2600 very

308 2617 478 2652 disserent
506 2618 599 2651 from
628 2618 707 2652 that
735 2617 776 2651 of
803 2616 1002 2651 Sabatier's
1034 2617 1108 2651 Old
1138 2616 1256 2651 Latin.
1328 2616 1419 2650 Cod.
1448 2617 1530 2650 Am.
1567 2616 1675 2650 reads
1703 2617 1743 2649 in
1768 2619 1971 2649 aeternum.

309 2675 410 2709 With
447 2675 614 2710 “Finees
649 2676 824 2709 sacerdos
838 2677 854 2692 '²
882 2687 935 2709 we
969 2687 1054 2719 may
1085 2686 1260 2720 compare
1295 2674 1466 2708 “Finees
1497 2674 1661 2719 pontifex
1675 2675 1691 2690 ’'
1719 2673 1753 2707 in
1785 2674 1972 2717 Prosper⁷s

312 2733 458 2776 Cla-012„
477 2733 531 2777 65.

381 2816 392 2835 ²
420 2816 597 2859 “llyrlerlz'
619 2816 816 2848 trinitatis.
870 2815 951 2848 The
978 2813 1141 2858 genitive
1168 2813 1197 2847 is
1217 2813 1370 2847 difficult
1397 2819 1434 2847 to
1461 2811 1605 2856 explain
1627 2812 1751 2845 unless
1771 2823 1823 2845 we
1843 2811 1928 2845 take
1948 2811 1973 2845 it

310 2873 405 2906 asin
429 2872 639 2917 apposition
667 2872 753 2907 with
772 2883 911 2906 eorum.
965 2871 1057 2905 This
1084 2872 1172 2915 long
1198 2871 1272 2905 and
1298 2870 1477 2905 confused
1504 2876 1678 2904 sentence
1704 2881 1790 2912 may
1809 2880 1912 2903 serve
1931 2880 1972 2902 as

310 2943 356 2964 an
384 2932 552 2975 example
576 2931 617 2965 of
636 2931 698 2965 the
719 2942 819 2964 mass
844 2930 885 2964 of
903 2929 1046 2974 foreign
1070 2929 1174 2963 ideas
1200 2930 1279 2963 that
1305 2940 1399 2963 were
1424 2928 1632 2973 frequently
1651 2927 1870 2961 introduced
1895 2926 1972 2960 into

310 2989 409 3033 plain
439 2988 622 3022 narrative
650 2989 698 3032 by
715 2989 777 3023 the
796 2989 911 3022 abuse
926 2988 968 3021 of
980 2988 1155 3031 allegory.
1219 2988 1289 3021 We
1316 2988 1420 3028 have,
1441 2986 1476 3020 in
1496 2987 1558 3020 the
1578 2996 1645 3029 300
1664 2997 1748 3019 nien
1769 2985 1810 3018 of
1824 2984 1970 3018 Gideon

311 3046 368 3086 (so
397 3046 451 3080 far
480 3058 502 3079 a
532 3046 636 3080 stock
665 3046 834 3090 example
865 3046 945 3080 that
976 3045 1107 3079 Gildas
1138 3045 1205 3079 has
1235 3045 1421 3088 forgotten
1450 3051 1488 3078 to
1516 3042 1681 3077 mention
1709 3043 1772 3076 the
1800 3042 1972 3083 number)

311 3115 333 3137 a
362 3110 448 3147 type
478 3103 519 3137 of
541 3104 603 3137 the
634 3103 800 3146 'l'rinity;
829 3102 863 3136 in
892 3104 954 3137 the
985 3110 1166 3146 trumpets
1197 3103 1284 3146 they
1313 3102 1455 3136 carried
1477 3113 1499 3136 a
1521 3101 1665 3145 symbol
1692 3100 1733 3134 of
1758 3100 1819 3134 the
1848 3099 1972 3133 voices

313 3161 353 3194 of
366 3162 542 3205 propliets
561 3162 634 3195 and
653 3163 827 3205 aposdes,
847 3162 1005 3196 attested
1025 3162 1072 3205 by
1096 3161 1217 3195 Isaiah
1237 3161 1311 3195 and
1330 3162 1392 3195 the
1416 3161 1498 3203 19th
1520 3160 1642 3193 Psalln
1662 3172 1669 3200 ;
1695 3157 1790 3192 their
1807 3159 1971 3192 lanterns

313 3218 427 3262 typify
454 3220 532 3252 that
559 3219 650 3261 light
670 3219 788 3253 which
817 3220 878 3253 the
897 3219 1013 3253 saints
1040 3231 1145 3263 carry
1164 3219 1199 3252 in
1228 3220 1289 3253 the
1308 3219 1408 3263 body
1429 3231 1436 3259 3
1462 3219 1524 3252 the
1546 3229 1679 3261 groves
1698 3216 1896 3260 destroyed
1923 3216 1972 3259 by

314 3275 459 3310 Gideon
479 3277 615 3321 signify
633 3277 754 3311 desire
772 3290 778 3318 ;
805 3278 867 3311 the
887 3284 954 3311 wet
974 3278 1098 3320 tleecc,
1120 3277 1302 3321 Judaism,
1321 3278 1384 3311 the
1402 3277 1480 3320 dry,
1499 3277 1561 3310 the
1583 3276 1730 3309 Gentile
1758 3275 1884 3308 world.

1993 1080 2029 1099 10

1994 1422 2029 1452 15

1992 1770 2030 1789 20

1992 2112 2029 2140 25
