2214 3556
75 672 191 701 Malla.
212 681 238 706 v,
260 683 302 711 13.

70 1147 188 1176 Mattlz.
213 1155 240 1179 v,

114 1195 158 1222 14,
177 1193 220 1222 15.

67 1771 183 1799 Jltlllll.
203 1781 230 1805 v,
252 1773 296 1800 16.

364 275 387 305 2
403 275 416 304 1
430 257 458 304 6
863 260 941 305 De
966 253 1176 306 Excidio
1200 260 1515 306 Britanniae.

359 393 504 443 hostes,
526 400 566 434 et
600 393 734 434 amici
765 407 815 433 ac
845 393 1080 445 defensores
1114 393 1254 434 nostri
1283 408 1364 434 non
1386 394 1521 433 solum
1532 393 1763 445 foederati,
1784 394 1863 434 sed
1888 394 2019 434 etiam

352 468 501 514 patres
536 476 586 502 ac
623 462 793 502 domini
822 462 1069 502 habeantur.
1162 462 1440 504 Conveniant
1482 475 1674 514 namque
1715 462 1876 514 singuli
1917 477 2020 504 vero

360 532 568 572 examine
603 531 918 571 conscientiam
953 545 1091 580 suam,
1126 537 1169 572 et
1206 531 1267 571 ita
1309 531 1656 583 deprehendent,
1688 544 1742 570 an
1775 531 2018 572 secundum

360 607 523 640 rectam
577 600 793 640 rationem
846 599 1106 639 sacerdotali
1159 599 1395 639 cathedrae
1448 600 1680 639 insideant.
1762 599 2019 648 Videamus,

359 669 552 721 inquam,
586 668 692 721 quid
727 667 920 708 salvator
954 668 1105 707 mundi
1133 667 1360 720 factorque
1392 665 1539 707 dicat.l
1613 667 1694 707 Vos
1724 667 1835 716 estis,
1867 668 2018 720 inquit,
2059 682 2075 709 5

356 737 428 776 sal
444 743 583 776 terrae
600 751 613 776 .·
644 736 761 788 quod
775 735 817 775 si
833 735 905 775 sal
919 735 1153 783 evanuerit,
1176 734 1220 774 in
1243 749 1323 787 qno
1343 735 1560 775 salietur?
1599 735 1662 774 ad
1689 735 1875 775 nihilum
1907 736 2022 776 valet

358 805 486 853 ultra,
508 805 599 844 nisi
615 811 664 844 ut
672 803 919 856 proiciatur
923 804 1054 854 foras
1069 809 1109 842 et
1127 803 1387 842 conculcetur
1404 803 1458 842 ab
1478 803 1728 843 bominibus.

448 874 547 913 Hoc
580 886 715 912 unum
749 872 1052 913 testimonium
1086 871 1141 911 ad
1172 871 1468 911 confutandos
1501 872 1782 924 impudentes
1819 885 2018 925 quosque
2039 877 2099 921 93

356 942 532 982 abunde
554 941 751 982 sufficere
774 948 932 995 posset.
987 942 1075 982 Sed
1099 947 1146 981 ut
1169 941 1513 981 evidentioribus
1531 941 1674 981 adhuc
1697 941 2018 994 astipulationi-

355 1010 465 1059 bus,2
485 1011 661 1063 quantis
692 1011 954 1063 semetipsos
988 1009 1338 1050 intolerabilibus
1376 1009 1589 1050 scelerum
1624 1009 1813 1049 fascibus
1846 1009 1941 1049 falsi
1973 1008 2017 1048 hi
2039 1019 2075 1038 10

354 1080 605 1120 sacerdotes
642 1080 908 1132 opprimant,
941 1079 1083 1119 verbis
1119 1078 1281 1120 Christi
1316 1078 1639 1131 comprobetur,
1675 1077 1822 1130 aliqua
1859 1091 2016 1118 annec-

355 1148 491 1187 tenda
532 1154 645 1188 sunt.
707 1147 918 1200 Sequitur
959 1148 1106 1187 enim:
1152 1147 1233 1187 Vos
1268 1146 1368 1186 estis
1400 1147 1479 1186 lux
1512 1146 1675 1186 mundi.
1748 1147 1850 1185 Non
1878 1152 2020 1198 polest

353 1216 506 1256 civitas
540 1216 741 1256 abscondi
772 1222 906 1268 supra
937 1222 1120 1256 montem
1148 1215 1304 1267 posita,
1327 1229 1457 1268 neque
1488 1215 1722 1255 accendunt
1741 1215 1957 1255 lucernam
1979 1221 2020 1254 et

345 1292 517 1337 ponunt
550 1299 643 1325 eam
676 1284 753 1325 sub
790 1285 940 1334 modio,
960 1284 1040 1324 sed
1064 1291 1198 1337 supra
1228 1283 1542 1332 candelabrum,
1564 1290 1614 1323 nt
1644 1284 1782 1324 luceat
1811 1284 2017 1330 omnibus,

353 1355 432 1407 qni
469 1354 514 1394 in
556 1354 677 1394 domo
716 1360 827 1394 sunt.
911 1353 1022 1406 Quis
1063 1367 1169 1406 ergo
1209 1353 1489 1394 sacerdotum
1528 1353 1657 1392 huius
1699 1349 2073 1405 temporis'ita1s

355 1424 630 1475 ignorantiae
675 1423 887 1463 caecitate
930 1436 1170 1475 possessus,
1213 1428 1260 1462 ut
1302 1422 1381 1462 lux
1418 1421 1686 1461 clarissimae
1730 1421 1931 1461 lucernae
1974 1422 2015 1461 in

352 1492 499 1544 aliqua
521 1491 656 1531 domu
681 1492 850 1531 cunctis
873 1497 1005 1532 noctu
1030 1491 1323 1531 residentibus
1347 1491 1555 1530 scientiae
1578 1490 1707 1530 simul
1732 1497 1775 1530 et
1799 1490 2015 1530 bonorum

352 1575 536 1614 operum
561 1562 766 1613 lampade
790 1561 967 1601 luceat?
1021 1560 1131 1613 Quis
1164 1561 1226 1600 ita
1258 1560 1471 1600 universis
1504 1560 1715 1600 ecclesiae
1749 1559 1847 1599 filiis
1870 1565 2014 1599 tutum

354 1631 578 1683 publicum
602 1630 979 1682 conspicuumque
1011 1630 1241 1682 refugium,
1265 1636 1312 1670 ut
1334 1636 1401 1670 est
1423 1629 1591 1669 civibus
1624 1628 1874 1669 firmissima
1906 1629 2017 1668 forte

353 1705 400 1739 ut
437 1699 543 1739 editi
580 1699 742 1738 montis
780 1698 934 1737 civitas
970 1698 1132 1738 vertice
1166 1698 1421 1745 constituta,
1444 1697 1665 1737 habetur?
1715 1696 1803 1738 Sed
1828 1703 1871 1737 et
1894 1696 2013 1749 quod
2035 1709 2073 1728 20

354 1768 575 1820 sequitur:
610 1768 646 1807 S
650 1767 687 1806 ic
717 1767 855 1807 luceat
888 1767 966 1806 lux
994 1773 1137 1806 vestra
1173 1780 1314 1806 coram
1337 1765 1590 1815 hominibus,
1616 1772 1665 1805 nt
1685 1765 1863 1805 videant
1893 1772 2017 1817 opera

353 1843 496 1876 vestra
518 1837 624 1876 bona
657 1842 696 1876 et
718 1835 993 1889 magnificent
1018 1841 1191 1887 patrem
1226 1841 1426 1883 vestrum,
1449 1834 1529 1886 qm·
1553 1834 1598 1874 in
1625 1834 1750 1874 caelis
1783 1840 1846 1873 est
1860 1849 1875 1874 .·
1917 1834 2015 1886 quis

351 1920 502 1946 eorum
543 1920 630 1946 uno
667 1905 815 1945 saltim
859 1905 929 1944 die
972 1910 1120 1957 potest
1158 1903 1374 1956 implere?
1421 1904 1527 1956 quin
1565 1904 1713 1956 potius
1748 1903 2013 1943 densissima

350 1975 568 2027 quaedam
611 1988 762 2014 eorum
806 1973 967 2013 nebula
1008 1980 1191 2025 atraque
1235 1973 1539 2025 peccaminum
1579 1972 1699 2012 omni
1736 1972 1904 2012 insulae
1947 1973 2009 2012 ita

353 2043 567 2082 incumbit
602 2057 704 2091 nox,
728 2049 775 2082 ut
809 2056 963 2082 omnes
1001 2055 1140 2094 paene
1174 2056 1198 2081 a
1222 2042 1290 2081 via
1326 2048 1443 2081 recta
1481 2047 1651 2081 avertat
1685 2055 1736 2081 ac
1775 2055 1851 2093 per
1874 2042 2014 2081 invios
2035 2059 2071 2087 25

353 2113 679 2166 impeditosque
716 2112 929 2152 scelerum
974 2112 1106 2152 calles
1148 2125 1291 2151 errare
1341 2111 1484 2160 faciat,
1518 2125 1705 2163 quorum
1749 2124 1835 2150 non
1880 2111 2015 2151 modo

424 2268 434 2288 ¹
461 2269 541 2302 The
570 2267 783 2313 quotations
810 2268 903 2301 from
933 2268 994 2302 the
1022 2267 1522 2312 Fi1·stGospel<cc.93-96),
1543 2267 1667 2300 unlike
1695 2267 1802 2301 those
1829 2267 1923 2300 froin
1954 2268 2016 2301 the

354 2325 426 2358 Old
446 2326 677 2368 Testament,
695 2336 758 2359 are
776 2325 831 2359 for
857 2325 919 2359 the
944 2332 1041 2358 most
1065 2331 1147 2369 part
1173 2325 1274 2358 short
1302 2331 1510 2366 sentences,
1530 2323 1782 2367 interspersed
1808 2324 2017 2369 frequently

352 2380 437 2414 with
462 2380 579 2414 fervid
605 2380 848 2425 ejaculations
875 2380 915 2413 of
937 2380 998 2414 the
1026 2379 1175 2414 writer's
1202 2391 1294 2413 own.
1346 2380 1428 2413 The
1459 2386 1534 2413 text
1554 2378 1582 2412 is
1601 2379 1680 2413 that
1699 2379 1740 2413 of
1762 2380 1825 2413 the
1843 2380 2015 2423 Vulgate,

351 2438 492 2481 though
512 2437 597 2471 with
616 2449 728 2482 many
746 2437 893 2471 various
917 2437 1092 2481 readings
1117 2437 1250 2470 known
1277 2435 1312 2469 in
1342 2436 1452 2470 MSS.
1481 2436 1522 2469 of
1544 2436 1605 2470 the
1624 2437 1795 2479 Vulgate.
1849 2436 1902 2470 Of
1924 2437 2014 2470 such

352 2496 536 2539 readings,
556 2508 596 2530 as
620 2508 641 2529 a
663 2495 837 2530 collation
863 2494 949 2529 with
976 2495 1039 2529 the
1059 2494 1201 2529 Oxford
1224 2493 1365 2528 edition
1395 2494 1527 2535 shows,
1547 2505 1610 2527 are
1636 2494 1699 2527 the
1714 2493 1900 2537 following
1920 2506 1928 2535 3
1955 2494 2018 2528 the

351 2553 589 2598 designation
608 2555 735 2588 letters
755 2565 818 2588 are
837 2554 944 2588 those
960 2553 1051 2587 used
1071 2552 1106 2586 in
1126 2553 1207 2587 that
1226 2551 1367 2586 edition
1387 2552 1442 2585 for
1461 2551 1624 2595 Vulgate
1646 2552 1756 2586 MSS.

496 2633 529 2662 v,
554 2630 602 2663 13.
631 2621 858 2662 l’roz'cz'alur,
877 2619 992 2653 found
1012 2619 1047 2652 in
1068 2620 1109 2661 F,
1129 2618 1276 2652 instead
1296 2617 1337 2651 of
1351 2618 1537 2651 nn'llallcr.

554 2680 603 2712 16.
631 2679 887 2723 zllczgnficent,
906 2677 1021 2711 found
1040 2676 1075 2710 in
1097 2677 1128 2710 E
1151 2678 1181 2709 R
1202 2676 1275 2709 and
1289 2686 1327 2720 g,
1349 2675 1494 2709 instead
1513 2675 1781 2719 ofglorz'ficent.

472 2735 530 2778 vii,
574 2746 603 2769 2.
632 2736 869 2769 lncz’icabitur
883 2735 926 2768 de
943 2735 1055 2777 vobis,
1076 2733 1191 2767 found
1211 2733 1246 2766 in
1267 2733 1298 2766 E
1317 2733 1392 2766 and
1405 2743 1444 2777 g,
1464 2731 1611 2766 instead
1629 2732 1667 2765 of
1683 2732 1951 2766 indicezbimz‘m'.

577 2803 607 2836 3.
637 2794 866 2834 Consideras,
884 2792 998 2826 found
1018 2792 1053 2825 in
1072 2804 1095 2825 a
1113 2792 1143 2834 b,
1163 2790 1308 2825 instead
1327 2790 1368 2824 of
1381 2790 1494 2824 vides.

475 2850 532 2893 vii,
576 2852 606 2885 ὁ.
636 2851 837 2890 Misersbis,
857 2849 971 2883 found
991 2849 1024 2882 in
1047 2849 1078 2882 E
1098 2848 1172 2882 and
1185 2859 1224 2892 g,
1245 2846 1390 2880 instead
1410 2847 1451 2880 of
1470 2847 1640 2880 millall‘s.

499 2922 530 2951 x,
551 2910 604 2942 28.
637 2910 672 2942 T
669 2910 775 2942 z'mcle
794 2920 888 2950 eum,
908 2907 1022 2941 found
1043 2907 1077 2940 in
1098 2907 1129 2939 E
1153 2907 1195 2948 R,
1217 2905 1362 2939 instead
1381 2905 1423 2938 of
1434 2906 1567 2948 potius
1583 2916 1666 2938 cum
1686 2905 1818 2938 lz'zm‘le.

480 2979 535 3008 ΧΥ,
559 2977 607 3008 14.
639 2967 787 3009 Cadenl,
807 2965 921 2999 found
942 2964 977 2998 in
999 2966 1026 2998 L
1047 2966 1079 3008 Q
1100 2964 1174 2998 and
1187 2975 1226 3008 g,
1248 2962 1395 2996 instead
1414 2963 1454 2996 of
1469 2962 1616 2996 cadunt.

443 3024 536 3066 xxiii,
562 3035 610 3067 13.
640 3026 722 3058 Om.
743 3028 877 3066 autem,
900 3024 930 3057 E
954 3024 995 3057 R.

560 3092 608 3125 13·
639 3083 723 3126 Qui,
743 3082 857 3115 found
878 3081 912 3115 in
936 3082 1059 3122 MSS„
1080 3079 1224 3114 instead
1243 3079 1284 3113 of
1297 3080 1445 3123 qm'a,g
1461 3079 1494 3112 D
1517 3078 1549 3121 Q
1569 3079 1642 3112 and
1662 3079 1799 3113 others.

427 3152 507 3185 'l'he
527 3151 717 3195 quotation
738 3152 830 3184 from
849 3150 945 3193 xxiii,
970 3160 1020 3193 13,
1045 3159 1095 3194 15,
1115 3149 1144 3183 is
1170 3148 1447 3183 characterised
1471 3149 1521 3192 by
1548 3149 1610 3182 the
1637 3148 1815 3182 omission
1843 3155 1906 3183 not
1932 3149 2019 3193 only

358 3207 397 3240 of
418 3208 554 3241 ssrslmc
576 3212 612 3241 el
634 3209 842 3250 Pharisaei,
867 3208 931 3241 but
956 3208 1034 3240 also
1059 3207 1100 3240 of
1119 3207 1181 3240 the
1206 3206 1324 3239 whole
1347 3205 1388 3238 of
1411 3217 1442 3238 v.
1475 3215 1523 3247 14.
1576 3206 1646 3239 We
1665 3206 1750 3239 thus
1770 3217 1832 3240 see
1851 3206 1930 3240 that
1957 3206 2019 3240 the
