2214 3556
101 1732 160 1758 lala.
182 1731 238 1762 xiv,
262 1739 306 1759 12.

100 2153 215 2180 llam.
236 2151 317 2184 xxii,

142 2201 183 2219 12.

99 2292 214 2319 Alam).
236 2292 274 2323 xi,
294 2299 338 2326 29.

99 2417 195 2444 Nam.
218 2418 266 2446 xii.
286 2426 311 2452 3.

392 249 417 293 3
428 247 489 293 50
1054 234 1102 281 V
1099 236 1169 282 ita
1199 235 1390 282 Gz'ldae.

389 371 454 409 nis
479 369 666 410 Blaveti¹
689 369 770 410 sub
792 371 984 423 quadam
1017 371 1227 412 eminenti
1261 385 1367 424 rupe
1405 371 1461 411 ab
1494 370 1723 412 occidente
1759 371 1800 411 in
1833 371 2046 412 orientem

388 439 527 491 ipsam
552 452 798 478 concavans
822 452 974 491 rupem
999 445 1043 479 et
1066 439 1120 479 ad
1146 440 1259 479 latus
1285 441 1377 479 eius
1409 439 1618 479 dextrum
1641 440 1813 492 erigens
1836 439 2046 491 parietem

386 521 628 559 congruum
665 507 765 547 fecit
797 509 1048 558 oratorium,
1070 508 1150 548 sub
1173 522 1261 561 quo
1292 509 1346 548 de
1380 521 1485 560 rupe
1517 521 1722 548 emanare
1752 508 1854 548 fecit
1877 507 2044 547 fontem

386 576 672 628 perlucidum.
726 577 836 617 Cum
860 590 962 616 vero
979 577 1211 616 fenestram
1236 577 1494 617 orientalem
1518 577 1714 617 eiusdem
1738 577 1914 616 oratorii
1933 576 2045 616 vitro

387 645 590 685 claudere
624 645 755 685 vellet
791 646 944 685 beatus
981 645 1134 686 Gildas
1169 652 1212 686 et
1248 646 1408 685 vitrum
1436 646 1473 685 ei
1507 645 1691 694 deesset,
1724 651 1968 697 prostratus
2001 646 2042 685 in

386 721 500 754 terra
525 714 766 753 Dominum
790 715 1059 767 deprecatur.
1124 715 1317 767 §urgens
1349 721 1496 754 autem
1531 714 1587 754 ab
1619 714 1817 754 oratione
1848 714 1956 754 abiit
1988 713 2043 753 ad

386 783 608 835 quandam
635 797 786 835 rupem
810 790 850 822 et
875 797 932 822 ex
952 783 1046 835 ipsa
1063 783 1258 823 Domino
1281 783 1491 835 largiente
1514 783 1733 836 optimum
1752 783 1853 822 tulit
1872 783 2043 823 vitrum.

390 851 554 891 Molam
579 864 754 903 quoque
779 851 835 890 ibi
861 851 973 899 fecit,
995 852 1063 890 cui
1086 852 1278 891 triticum
1312 851 1494 890 immisit
1527 865 1576 890 ac
1611 865 1742 891 manu
1768 851 1910 899 vertit,
1932 864 2045 903 quae

387 931 525 969 usque
559 919 598 956 in
638 931 843 969 praesens
876 923 1052 969 tempus
1090 918 1130 956 in
1169 917 1325 957 eodem
1364 917 1461 956 loco
1497 923 1695 957 servatur
1727 923 1769 956 et
1795 931 1820 956 a
1844 916 2044 956 fidelibus

386 986 579 1031 infirmis,
602 985 886 1038 operantibus
913 999 1013 1024 cum
1037 985 1213 1026 Christo
1246 986 1385 1025 sancti
1410 985 1487 1025 viri
1522 985 1700 1034 meritis,
1723 985 1956 1037 languores
1989 985 2043 1025 ad

383 1068 480 1094 eam
504 1054 796 1106 expelluntur.
862 1054 954 1093 Nec
991 1061 1057 1094 est
1095 1054 1270 1094 silentio
1306 1055 1675 1106 praetereundum
1709 1060 1751 1093 et
1784 1053 1903 1102 illud,
1924 1054 2043 1106 quod

383 1136 460 1174 per
491 1136 590 1162 eum
625 1122 727 1161 fecit
767 1122 997 1171 Dominus,
1020 1122 1290 1162 miraculum.
1356 1122 1471 1162 Nam
1505 1136 1604 1162 cum
1638 1123 1678 1162 in
1713 1122 1822 1162 cella
1849 1122 2043 1175 quadam

382 1191 452 1231 die
495 1205 594 1231 cum
639 1190 843 1230 fratribus
886 1197 1139 1239 moraretur,
1181 1197 1394 1230 venerunt
1435 1192 1490 1230 ad
1533 1204 1632 1230 eum
1676 1191 1902 1243 hospites:
1934 1204 2045 1243 quos

383 1258 569 1298 libenter
610 1258 852 1310 suscipiens
894 1258 1025 1297 duxit
1067 1258 1121 1297 ad
1165 1258 1410 1297 orationem
1453 1271 1503 1297 ac
1546 1258 1706 1297 deinde
1754 1270 1932 1297 omnem
1983 1257 2045 1297 eis

383 1327 585 1366 adhibuit
628 1326 950 1366 humanitatem
989 1333 1033 1366 et
1068 1326 1219 1366 lavans
1261 1326 1396 1379 pedes
1438 1340 1588 1366 eorum
1632 1340 1681 1365 ac
1717 1339 1884 1375 manus,
1926 1327 2043 1379 quod

383 1393 548 1443 habuit,
571 1407 669 1432 cum
693 1393 874 1432 caritate
897 1391 1019 1432 dedit
1042 1392 1112 1432 eis.
1177 1392 1264 1433 Sed
1298 1406 1396 1432 cum
1431 1406 1517 1432 non
1547 1391 1730 1432 haberet
1753 1392 1902 1432 vinum
1926 1392 2044 1445 quod

384 1463 444 1501 eis
468 1461 902 1509 tribueret‚orati0ne
925 1460 1041 1501 facta
1064 1461 1189 1500 iussit
1212 1460 1394 1514 implere
1408 1475 1513 1501 vasa
1536 1461 1702 1500 vinaria
1716 1474 1830 1513 aqua
1853 1461 2046 1513 dataque

384 1544 514 1582 super
554 1543 651 1569 eam
695 1530 1002 1569 benedictione
1044 1530 1235 1569 iussione
1270 1529 1419 1569 divina
1462 1530 1503 1568 in
1537 1529 1755 1581 optimum
1785 1529 1936 1569 vinum
1979 1535 2045 1568 est

383 1610 603 1636 conversa.
667 1595 812 1648 Quam
846 1596 1052 1635 virtutem
1091 1595 1360 1635 admirantes
1396 1596 1540 1635 cuncti
1578 1595 1652 1647 qui
1685 1595 1868 1634 aderant
1905 1596 2045 1634 omni-

384 1663 553 1714 potenti
585 1662 780 1701 Domino
810 1662 974 1713 gratias
1008 1661 1261 1710 retulerunt,
1283 1662 1357 1714 qui
1392 1662 1432 1700 in
1466 1661 1698 1713 euangelio
1731 1661 1818 1699 suis
1842 1659 2044 1700 fidelibus

385 1731 645 1783 promiserat
677 1731 852 1770 dicens:
889 1729 1037 1782 Opera,
1059 1744 1166 1782 quae
1196 1744 1267 1783 ego
1283 1730 1415 1781 facio,
1437 1736 1476 1770 et
1507 1729 1592 1782 ipsi
1606 1729 1777 1781 facient
1807 1735 1847 1769 et
1878 1729 2045 1769 maiora

382 1799 532 1839 lcornm
542 1799 718 1850 facient.

471 1867 684 1920 Quamvis
717 1874 865 1908 autem
904 1869 1003 1908 talis
1037 1882 1087 1908 ac
1129 1874 1278 1908 tantus
1320 1874 1447 1917 esset,
1479 1874 1526 1908 ut
1560 1881 1636 1920 per
1670 1881 1769 1907 eum
1815 1867 1936 1906 Deus
1978 1873 2044 1907 tot

385 1937 593 1977 miracula
616 1937 788 1986 faceret,
812 1937 917 1976 nulli
941 1944 1089 1978 tamen
1124 1952 1168 1977 se
1202 1936 1488 1990 praeferebat,
1511 1936 1587 1976 sed
1611 1936 1817 1976 humilior
1839 1935 2044 1975 omnibus

383 2020 477 2046 esse
500 2006 738 2046 videbatur.
804 2006 928 2046 Licet
960 2020 1062 2046 vero
1099 2006 1272 2046 abbatis
1305 2006 1449 2046 locum
1488 2012 1668 2055 teneret,
1698 2012 1859 2053 tamen,
1881 2012 1929 2046 ut
1963 2006 2043 2045 sibi

382 2075 568 2114 subditis
622 2075 877 2127 exemplum
938 2075 1197 2114 humilitatis
1255 2075 1518 2124 ostenderet,
1560 2075 1800 2114 secundum
1845 2075 2042 2114 divinum

384 2150 667 2196 praeceptum
692 2145 810 2196 quod
835 2144 920 2184 ait:
958 2143 1048 2194 Qui
1075 2144 1217 2183 maior
1234 2151 1296 2184 est
1325 2151 1526 2192 vestrum,
1548 2143 1632 2183 erit
1661 2143 1860 2183 minister
1879 2149 1922 2183 et
1952 2144 2044 2196 ipse

382 2214 586 2252 omnibus
610 2214 770 2253 servire
792 2213 984 2254 curabat.
1049 2213 1106 2253 Et
1131 2227 1182 2252 ne
1207 2213 1388 2253 Domini
1418 2214 1512 2253 Iesu
1546 2213 1703 2252 surdus
1733 2218 1847 2252 esset
1870 2212 2046 2253 auditor

382 2283 595 2322 dicentis:
628 2282 791 2322 Discite
823 2297 849 2322 a
884 2297 957 2331 me,
980 2283 1082 2335 quia
1116 2283 1236 2322 milis
1265 2297 1360 2322 sum
1392 2289 1434 2323 et
1460 2281 1640 2322 humilis
1660 2282 1790 2331 corde,
1812 2281 2044 2333 satagebat

2067 1000 2103 1019 10

2067 1351 2102 1381 15

2064 1681 2102 1700 20

2072 1870 2126 1914 18

2065 2020 2101 2048 25

381 2351 513 2389 etiam
545 2351 637 2403 ipse
663 2357 706 2390 et
739 2351 779 2390 in
815 2351 896 2391 hoc
936 2351 1118 2390 Domini
1151 2351 1380 2391 salvatoris
1415 2350 1594 2392 obedire
1629 2350 1905 2404 praeceptis;
1938 2364 2040 2390 nam
2061 2372 2100 2400 30

381 2420 492 2458 sicut
515 2420 569 2459 de
595 2420 750 2472 Moyse
773 2421 984 2472 scriptum
1016 2427 1093 2468 est,
1115 2427 1208 2460 erat
1233 2427 1277 2460 et
1310 2420 1381 2460 ille
1414 2420 1671 2460 mitissimus
1701 2419 1892 2459 omnium
1925 2419 2044 2460 illius

450 2616 457 2636 ¹
486 2617 677 2650 Flmm'm's
698 2617 857 2650 [xla-veti.
911 2617 1002 2651 This
1030 2617 1059 2651 is
1087 2618 1147 2652 the
1175 2617 1270 2652 river
1300 2619 1439 2660 sslavet‚
1460 2616 1577 2651 which
1605 2624 1729 2651 enters
1757 2617 1818 2650 the
1848 2627 1911 2650 sea
1937 2627 2040 2650 some

379 2674 545 2708 distance
566 2682 602 2708 to
622 2675 682 2708 the
703 2676 919 2709 north-west
939 2676 979 2709 of
993 2676 1054 2710 the
1077 2677 1154 2720 Bay
1166 2676 1212 2710 de
1233 2675 1422 2719 Quiberon
1442 2675 1517 2709 and
1536 2675 1736 2708 Morbihan
1751 2676 1823 2708 Sea
1840 2687 1847 2715 ;
1868 2673 2041 2708 L'Orient

380 2731 408 2764 is
428 2732 587 2766 situated
607 2744 653 2765 on
674 2732 718 2766 its
738 2740 897 2777 estuary.
950 2734 1065 2768 “The
1085 2734 1185 2776 rock,
1200 2741 1237 2768 at
1256 2735 1317 2768 the
1336 2735 1413 2768 soot
1431 2734 1472 2767 of
1494 2733 1612 2767 which
1633 2734 1684 2767 St.
1705 2732 1836 2767 Gildas
1854 2733 1964 2766 made
1984 2732 2040 2766 his

381 2790 602 2832 retirement,
623 2790 651 2823 is
672 2790 706 2823 in
727 2791 788 2824 the
809 2791 930 2835 parish
952 2792 992 2825 of
1009 2791 1364 2836 Bieuzy-des-Eaux,
1378 2803 1424 2825 on
1445 2792 1506 2826 the
1526 2791 1623 2835 right
1642 2791 1743 2825 bank
1761 2791 1802 2824 of
1815 2791 1878 2824 the
1899 2791 2040 2832 Blavet‚

381 2847 480 2891 quite
499 2849 597 2881 close
617 2855 653 2881 to
673 2849 734 2882 the
754 2849 943 2883 mountain
964 2862 1004 2883 or
1023 2858 1264 2894 promontory
1278 2851 1318 2883 os
1334 2851 1544 2884 Castennec
1571 2877 1577 2882 .
1602 2876 1608 2883 .
1637 2876 1643 2882 .
1671 2876 1678 2882 .
1733 2850 1765 2882 lt
1784 2860 1870 2892 may
1888 2849 1933 2882 be
1952 2859 2039 2882 seen

381 2906 516 2949 clearly
534 2906 626 2939 from
646 2907 707 2940 the
726 2906 798 2940 line
817 2907 859 2940 of
872 2907 1020 2952 railway
1039 2908 1154 2953 going
1173 2909 1266 2942 from
1288 2911 1411 2952 Auray
1430 2914 1467 2942 to
1490 2907 1655 2951 l'ontivy‚
1672 2917 1740 2940 200
1757 2918 1798 2940 or
1817 2916 1885 2950 300
1903 2913 2039 2940 metres

383 2963 507 2997 before
525 2963 693 3007 entering
712 2965 773 2998 the
793 2967 919 2999 tunnel
939 2978 1029 3000 near
1047 2967 1108 3000 the
1128 2966 1264 3001 station
1284 2967 1326 3001 of
1349 2967 1400 3001 St.
1423 2966 1800 3000 Nicolas-des-EauX.
1851 2965 1932 2999 The
1951 2965 2039 2999 rock

384 3020 411 3053 is
432 3028 545 3065 steep,
565 3022 637 3055 ancl
658 3029 693 3056 at
712 3034 732 3056 a
752 3023 890 3056 certain
910 3023 1040 3068 height
1059 3025 1270 3068 overhangs
1290 3025 1403 3058 about
1421 3030 1493 3058 two
1512 3030 1658 3065 metres‚
1677 3022 1839 3067 forming
1856 3034 1878 3056 a
1895 3022 1985 3056 kind
2004 3022 2046 3056 of

384 3079 529 3121 shelter,
550 3079 668 3113 which
697 3081 758 3114 the
787 3080 891 3115 Saint
912 3082 1124 3126 completed
1143 3083 1191 3126 by
1210 3082 1359 3126 placing
1385 3082 1488 3116 there
1507 3093 1529 3116 a
1547 3082 1683 3116 double
1702 3082 1782 3123 cell,
1802 3093 1872 3115 one
1891 3082 1945 3115 sor
1962 3081 2038 3115 him

382 3136 454 3169 and
485 3137 546 3169 the
575 3137 681 3170 other
710 3138 763 3171 sor
790 3138 847 3172 his
876 3139 1100 3183 companion
1129 3140 1203 3174 and
1231 3139 1398 3184 disciple‚
1429 3142 1480 3174 St.
1511 3139 1654 3183 Bieuzy.
1722 3138 1813 3172 This
1832 3138 2040 3182 hermitage

382 3193 521 3227 existed
538 3193 571 3226 in
587 3193 630 3227 its
651 3194 834 3238 primitive
854 3203 948 3230 state
967 3197 1074 3230 down
1095 3205 1131 3231 to
1150 3198 1211 3231 the
1225 3198 1466 3232 seve11teentli
1487 3205 1639 3241 century
1660 3210 1667 3238 ;
1686 3208 1767 3230 now
1783 3195 1808 3230 it
1823 3195 1850 3230 is
1867 3196 2039 3241 replaced
