2214 3556
63 369 70 395 1
91 368 178 395 Sam.
199 367 228 399 ii,
249 376 294 403 29.

62 583 71 610 Ι
92 585 177 610 Sam.
200 582 228 614 ii,
248 591 295 619 30.

99 632 144 659 31.

62 796 70 824 1
91 798 176 825 Sam,
198 796 226 828 ii,
245 805 291 833 34.

60 1408 71 1435 1
88 1408 163 1444 Reg.
182 1407 242 1440 xiii,
261 1417 310 1435 21-

95 1456 141 1483 24.

58 1887 148 1915 Esai.
162 1887 201 1919 iii,
223 1895 319 1923 11—15.

63 2505 150 2532 limi.
178 2514 204 2536 x,
227 2514 283 2541 1-3.

67 2789 153 2815 linai.
172 2788 272 2819 xxviii,

104 2837 130 2862 7,

149 2830 174 2854 8.

354 248 367 277 1
381 247 443 290 94
852 231 930 278 De
956 231 1166 278 Excidio
1192 231 1508 278 Britanniae.

343 366 464 407 dolio.
529 367 587 407 Et
610 373 710 420 post
745 380 912 420 pauca:
949 366 1095 416 Quare
1131 365 1354 419 respexisti
1384 366 1429 406 in
1466 366 1680 406 incensum
1716 380 1855 406 meum
1889 373 1929 407 et
1960 366 2006 407 in

342 435 600 488 sacrificium
624 449 763 475 meum
787 434 970 487 improbo
991 435 1103 474 oculo
1124 441 1165 474 et
1184 433 1478 486 honorificasti
1482 434 1606 486 filios
1635 440 1727 474 tuos
1747 436 1850 486 plus
1877 449 2006 487 quam

344 518 420 553 me,
443 510 491 543 ut
511 504 764 544 benediceres
785 517 850 543 eos
871 518 897 542 a
908 503 1152 555 primordio
1175 503 1220 542 in
1249 502 1444 542 omnibus
1468 503 1693 556 sacrificiis
1712 517 1853 543 coram
1877 518 1942 543 me
1959 505 2006 544 Pl

345 574 388 613 E
391 580 409 613 t
428 587 541 613 nunc
558 573 619 613 sic
638 573 742 613 dicit
763 573 1009 613 Dominus:
1041 571 1243 624 quoniam
1275 571 1354 624 qui
1380 571 1664 625 honorificant
1693 586 1768 622 me,
1799 572 2007 612 honorabo

343 657 436 682 eos:
467 649 507 682 et
527 643 605 695 qui
615 650 695 694 pro
717 642 852 682 niliilo
873 641 1029 681 liabent
1053 655 1128 689 me,
1160 640 1222 680 ad
1249 640 1435 680 nibilum
1470 641 1726 693 redigentur.
1786 642 1890 682 Ecce
1917 643 2007 682 dies
2047 660 2062 688 5

343 711 513 751 venient
533 718 572 750 et
591 710 835 763 disperdam
866 723 1012 749 nomen
1045 715 1167 748 tuum
1199 715 1239 749 et
1267 722 1405 749 semen
1442 709 1593 749 domus
1618 710 1768 762 patris
1799 711 1874 751 tui.
1946 712 2009 752 Et

343 779 417 820 boc
435 779 518 820 tibi
533 780 706 831 signum
727 779 795 828 sit,
817 778 933 831 quod
948 778 1088 817 veniet
1105 785 1233 830 super
1251 778 1357 818 duos
1365 778 1488 831 filios
1509 785 1602 818 tuos
1625 779 1737 831 Ofni
1754 786 1795 820 et
1823 780 1975 821 Finees
1988 796 2006 829 ‚-

344 849 388 888 in
431 863 513 888 uno
553 849 622 888 die
654 848 893 888 morientur
921 846 1043 887 ambo
1076 847 1121 886 in
1147 847 1298 900 gladio
1334 847 1558 888 vi'roi'icni.2
1619 847 1667 889 Si
1709 848 1816 888 haec
1858 849 2006 902 itaque

344 917 580 969 patiuntur,
622 917 695 969 qui
733 916 874 956 verbis
909 921 1082 955 tantum
1120 915 1340 956 subiectos
1375 922 1418 956 et
1456 929 1542 956 non
1578 917 1799 969 condigna
1840 917 2006 959 ultione

342 986 591 1032 emendant,
614 985 718 1037 quid
742 985 846 1037 ipsis
870 983 956 1032 fiet,
979 984 1052 1036 qui
1076 985 1132 1024 ad
1156 984 1272 1024 mala
1306 984 1538 1025 hortantur
1577 986 1804 1038 peccando
1838 993 1882 1027 et
1919 993 2004 1027 tra·
2027 1010 2063 1030 10

342 1055 485 1095 hunt?
548 1054 665 1107 Quid
689 1054 749 1094 illi
772 1068 948 1106 quoque
970 1053 1249 1106 perspicuum
1273 1060 1337 1094 est
1360 1067 1462 1094 vero
1480 1055 1568 1094 vati
1587 1062 1686 1107 post
1703 1055 2003 1108 expletionem
2029 1078 2086 1124 77

341 1121 453 1173 signi
476 1121 532 1161 ab
554 1121 709 1160 eodem
734 1120 946 1173 praedicti
970 1127 1013 1161 et
1036 1120 1358 1161 restitutionem
1383 1121 1531 1161 aridae
1555 1135 1710 1161 manus
1743 1123 1881 1174 impio
1914 1123 2004 1175 regi

342 1191 474 1230 misso
497 1204 521 1230 a
548 1191 711 1230 Iudaea
733 1189 998 1242 prophetare
1021 1190 1063 1229 in
1089 1189 1242 1229 Bethel
1267 1189 1587 1242 prohibitoque,
1616 1204 1670 1230 ne
1702 1190 1808 1242 quid
1841 1190 2004 1230 ibidem

341 1260 423 1299 cibi
447 1265 654 1312 gustaret,
677 1272 726 1298 ac
749 1259 937 1311 decepto
960 1259 1015 1298 ab
1038 1259 1135 1307 alio,
1159 1265 1206 1298 ut
1237 1258 1478 1307 dicebatur,
1508 1258 1737 1311 propheta,
1768 1264 1816 1299 ut
1850 1272 2004 1311 parum

340 1329 445 1380 quid
469 1329 593 1380 panis
616 1334 659 1367 et
683 1341 822 1380 aquae
844 1333 1047 1376 sumeret,
1070 1327 1241 1380 obtigit,
1263 1327 1437 1368 dicente
1469 1328 1523 1367 ad
1554 1341 1653 1367 eum
1692 1341 1771 1367 suo
1807 1327 2004 1380 hospite:
2028 1342 2062 1371 15

342 1397 462 1437 Haec
480 1397 585 1436 dicit
605 1396 821 1436 Dominus
841 1396 961 1436 Deus
978 1411 992 1436 .·
1022 1396 1124 1448 quia
1143 1395 1404 1436 inoboediens
1411 1396 1555 1447 fuisti
1567 1395 1636 1435 ori
1657 1395 1840 1436 Domini
1858 1402 1899 1436 et
1925 1410 2006 1436 non

339 1465 563 1506 custodisti
581 1465 850 1513 mandatum,
872 1465 1212 1517 quodpraecepit
1232 1464 1449 1504 Dominus
1469 1464 1589 1504 Deus
1611 1471 1712 1504 tuus
1743 1471 1784 1505 et
1814 1478 2008 1504 reversus

339 1548 382 1574 es
401 1540 441 1574 et
459 1533 678 1573 comedisti
686 1541 843 1585 panem
865 1540 906 1573 et
925 1532 1073 1573 bibisti
1089 1546 1249 1585 aquam
1272 1532 1318 1572 in
1340 1532 1414 1572 lioc
1432 1533 1524 1582 loco,
1539 1532 1584 1572 in
1601 1547 1680 1586 quo
1695 1533 2005 1573 mandaveram

340 1604 430 1652 tibi,
453 1617 502 1643 ne
533 1603 814 1642 manducares
835 1609 994 1653 panem
1033 1617 1104 1642 nec
1137 1602 1294 1643 biberes
1326 1616 1498 1655 aquam,
1532 1617 1614 1642 non
1640 1609 1828 1654 ponetur
1860 1609 2008 1654 corpus

340 1679 462 1712 tuum
486 1671 531 1711 in
552 1671 736 1723 sepulcro
748 1678 930 1723 patrum
953 1678 1135 1712 tuorum.
1198 1671 1260 1711 Et
1278 1673 1454 1723 factum
1491 1677 1561 1720 est,
1596 1671 1749 1724 inquit,
1775 1677 2004 1723 postquam
2024 1687 2063 1706 20

341 1740 621 1780 manducavit
630 1747 789 1792 panem
811 1747 851 1780 et
871 1740 977 1780 bibit
996 1754 1168 1793 aquam,
1184 1740 1346 1780 stravit
1363 1740 1450 1780 sibi
1467 1740 1639 1780 asinam
1660 1754 1786 1780 suam
1806 1747 1847 1780 et
1866 1740 1975 1780 abiit
1988 1755 2007 1788 ,-

340 1816 379 1849 et
401 1809 566 1849 invenit
585 1823 679 1848 eum
701 1809 760 1848 leo
782 1808 827 1848 in
850 1809 924 1848 via
940 1815 980 1848 et
999 1808 1148 1848 occidit
1166 1823 1261 1848 eum
1281 1809 1302 1849 ?

430 1877 609 1917 Esaiam
633 1890 809 1929 quoque
832 1883 1031 1917 sanctum
1056 1876 1318 1929 prophetam
1343 1876 1397 1916 de
1420 1877 1720 1917 sacerdotibus
1757 1876 1840 1916 hoe
1873 1875 2006 1916 modo
2030 1873 2088 1930 78

343 1946 595 1998 loquentem
620 1945 796 1985 audite:
841 1945 927 1986 Vae
953 1945 1083 1997 impio
1112 1945 1156 1984 in
1190 1946 1364 1992 malum,
1398 1945 1621 1985 retributio
1651 1944 1764 1984 enim
1797 1959 2006 1984 manuum

342 2014 525 2067 eiusfiet
543 2013 590 2054 ei.
652 2013 868 2065 Populum
902 2027 1041 2053 meum
1078 2021 1286 2054 exactores
1320 2014 1394 2054 sui
1421 2014 1714 2066 spoliaverunt
1747 2020 1787 2054 et
1811 2014 2009 2054 mulieres
2026 2028 2063 2056 25

343 2083 586 2123 dominatae
620 2089 723 2122 sunt
754 2082 853 2122 eius.
915 2083 1078 2135 Popule
1110 2097 1237 2132 meus,
1273 2083 1353 2135 qui
1382 2083 1549 2123 beatum
1587 2090 1624 2123 te
1660 2083 1818 2131 dicunt,
1855 2083 1942 2135 ipsi
1970 2089 2009 2122 te

341 2152 557 2205 decipiunt
576 2159 614 2192 et
636 2152 753 2191 viam
769 2165 998 2203 gressuum
1031 2158 1202 2192 tuorum
1228 2152 1450 2205 dissipant.
1516 2152 1619 2193 Stat
1642 2152 1704 2192 ad
1727 2152 2007 2192 iudicandum

343 2223 559 2262 Dominus
593 2228 633 2261 et
671 2228 759 2261 stat
798 2221 861 2261 ad
896 2221 1146 2261 iudicandos
1174 2222 1362 2274 populos.
1444 2221 1662 2262 Dominus
1701 2221 1764 2261 ad
1798 2221 2006 2262 iudicium

343 2291 480 2331 veniet
500 2305 593 2330 cuni
614 2290 784 2330 senibus
796 2290 950 2343 populi
965 2291 1040 2330 sui
1057 2297 1097 2330 et
1116 2291 1386 2343 principibus
1421 2291 1521 2331 eius.
1597 2290 1677 2331 Vos
1709 2291 1877 2343 depasti
1908 2291 2009 2331 estis

344 2359 512 2399 vineam
556 2373 706 2408 meam,
741 2359 897 2411 rapina
920 2359 1129 2411 pauperis
1162 2359 1208 2399 in
1245 2359 1365 2399 domo
1401 2365 1552 2400 vestra.
1639 2359 1783 2409 Quare
1822 2359 2009 2399 atteritis
2026 2374 2065 2402 30

335 2429 541 2481 populum
565 2442 703 2468 meum
725 2434 765 2468 et
771 2428 913 2479 facies
924 2435 1168 2480 pauperum
1190 2429 1441 2469 commolitis
1459 2430 1485 2470 P
1514 2429 1620 2468 dicit
1649 2428 1866 2468 Dominus
1894 2443 2007 2468 exer-

343 2498 516 2538 cituum.
581 2498 639 2538 Et
663 2499 766 2537 item
787 2514 794 2538 :
839 2497 924 2537 Vae
945 2497 1024 2550 qui
1040 2498 1225 2538 condunt
1244 2498 1351 2549 leges
1373 2498 1545 2551 iniquas
1561 2505 1602 2538 et
1620 2497 1842 2538 scribentes
1873 2498 2008 2538 inius-

346 2569 490 2608 titiam
513 2567 785 2620 scripserunt‚
809 2572 856 2606 ut
885 2567 1172 2618 opprimerent
1193 2567 1237 2606 in
1261 2567 1418 2606 iudicio
1429 2574 1641 2619 pauperes
1652 2573 1693 2606 et
1712 2566 1802 2606 vim
1811 2567 2011 2617 facerent

344 2650 494 2676 causae
515 2636 747 2675 humilium
760 2635 916 2687 populi
934 2635 1026 2684 mei,
1046 2642 1093 2674 ut
1113 2642 1249 2675 essent
1269 2635 1426 2675 m'duae
1437 2635 1605 2687 praeda
1627 2649 1770 2674 eorum
1802 2641 1843 2674 et
1861 2634 2009 2686 pupil—

345 2708 404 2746 los
440 2706 683 2757 diriperent.
761 2704 883 2754 Quid
902 2705 1078 2756 facietis
1114 2705 1159 2744 in
1193 2705 1261 2745 die
1294 2705 1557 2745 visitationis
1592 2711 1632 2744 et
1663 2704 1925 2744 calamitatis
1959 2705 2009 2744 de
2027 2717 2063 2744 35

346 2772 465 2827 longe
487 2774 694 2814 venientis
709 2775 735 2814 ,9
798 2774 857 2814 Et
880 2774 1016 2814 infra:
1061 2774 1217 2815 Verum
1240 2774 1290 2814 lii
1314 2789 1474 2827 quoque
1497 2781 1607 2826 prae
1640 2773 1739 2813 vino
1773 2773 2008 2813 nescierunt

346 2851 385 2883 ct
401 2851 505 2895 prae
526 2843 721 2883 ebrietate
742 2849 1005 2892 erraverunt,
1026 2843 1256 2883 sacerdotes
1292 2844 1527 2883 nescierunt
1549 2850 1659 2895 prae
1693 2843 1899 2890 ebrietate,
1937 2842 2007 2882 ab·

418 3016 429 3036 ¹
455 3017 500 3049 V.
524 3025 566 3058 29
586 3014 615 3048 is
633 3014 771 3059 quoted
790 3015 837 3059 by
858 3014 1002 3049 Lucifer
1021 3015 1062 3049 of
1076 3015 1236 3059 Cagliari
1257 3028 1297 3050 as
1316 3028 1369 3050 we
1388 3017 1463 3050 find
1483 3016 1508 3050 it
1529 3016 1563 3050 in
1584 3016 1724 3050 Gildas.

418 3072 430 3093 ²
455 3074 502 3106 ln
515 3072 645 3117 gladio
663 3073 846 3105 virorum.
897 3072 989 3106 This
1017 3079 1167 3117 strange
1193 3073 1372 3116 addition,
1391 3074 1465 3108 and
1485 3081 1613 3118 strong
1635 3073 1846 3114 Hebraism,
1866 3073 2007 3116 though

348 3138 410 3164 not
430 3130 543 3163 found
570 3129 605 3162 in
631 3128 748 3162 either
766 3130 827 3163 the
849 3130 952 3163 LXX
971 3142 1012 3163 or
1030 3131 1091 3164 the
1110 3131 1282 3175 Vulgate‚
1310 3131 1338 3165 is
1365 3133 1524 3166 attested
1551 3133 1600 3177 by
1621 3132 1793 3166 Lucifer's
1812 3130 2004 3177 quotation

350 3188 390 3221 of
411 3188 472 3221 the
491 3198 592 3220 same
612 3198 727 3229 verse,
747 3198 786 3220 as
806 3198 852 3221 an
874 3188 946 3221 Old
965 3187 1071 3223 Latin
1092 3189 1258 3236 reading.
