2204 3556
763 185 943 232 Gz‘ldas
967 202 1026 232 on
1053 186 1289 233 Penance.
1758 189 1849 246 287

268 329 295 363 5.
324 321 418 354 Cum
449 319 602 354 muliere
630 320 850 365 disponsata
885 319 1035 354 Christo
1063 319 1245 355 maritove
1276 320 1353 354 sive
1379 332 1463 355 cum
1491 320 1657 356 iumento
1686 323 1744 356 vel
1772 333 1855 355 cum

194 378 361 411 masculo
379 377 617 420 fornicantes,
633 378 680 412 de
698 377 840 423 reliquo
860 377 992 412 mortui
1012 379 1152 412 mundo
1173 379 1258 412 Deo
1275 377 1412 412 vivant.

264 445 294 478 6.
325 443 395 487 Qui
422 451 548 479 autem
568 456 651 479 cum
683 444 826 489 virgine
852 445 909 479 vel
928 444 1040 479 vidua
1058 445 1217 479 necdum
1244 444 1465 489 disponsata
1492 445 1711 490 peccaverit,
1731 446 1857 480 dotem

193 502 256 536 det
274 501 490 546 parentibus
509 501 587 536 eius
606 510 641 537 et
660 514 760 537 anno
778 515 852 537 uno
872 502 1048 548 peniteat.

266 580 295 613 7.
324 571 535 617 Episcopus
568 572 813 607 homicidium
851 573 1042 607 voluntate
1070 572 1211 607 faciens
1241 573 1299 607 vel
1330 573 1536 617 quamlibet
1574 571 1859 607 fornicationem

194 630 368 664 dolumve
397 631 496 664 XIII
526 630 633 664 annis
670 631 845 676 peniteat,
885 631 1081 675 presbyter
1117 637 1242 665 autern
1272 632 1347 664 VII
1377 642 1461 665 cum
1504 642 1600 674 pane
1627 638 1661 664 et
1689 642 1796 675 aqua,
1824 638 1860 665 et

194 687 332 721 ferculo
352 687 387 721 in
406 687 466 722 die
485 687 675 722 dominico
694 689 751 722 vel
771 687 929 731 sabbati,
950 687 1131 722 diaconus
1150 688 1217 730 VI,
1238 686 1317 721 sine
1341 687 1459 731 gradu
1478 688 1685 721 monachus
1707 688 1771 731 IV,
1790 687 1859 721 nisi

194 745 390 780 infirmitas
410 745 588 791 impediat
608 746 700 780 illos.

265 816 295 849 8.
325 815 396 859 Qui
418 815 453 849 in
480 814 647 860 sompnis
672 827 755 849 cum
775 815 965 849 voluntate
984 816 1146 860 pollutus
1173 822 1240 858 est,
1260 822 1388 859 surgat
1415 822 1600 860 canatque
1619 816 1693 849 VII
1715 815 1860 860 palmos

195 880 230 908 et
249 873 285 907 in
305 873 364 908 die
383 873 445 907 illo
464 872 500 907 in
519 885 615 918 pane
634 880 670 908 et
691 885 788 918 aqua
802 872 912 915 vivat,
932 872 988 907 sin
1007 880 1143 916 autem,
1164 886 1232 907 xxx
1249 874 1412 918 psalmos
1431 880 1550 907 canat.

265 953 296 986 9.
323 944 464 977 Volens
482 950 608 977 autem
635 943 671 977 in
691 943 859 987 sompnis
879 955 1044 988 peccare,
1066 943 1131 977 sed
1151 955 1224 977 non
1245 943 1373 987 potuit,
1395 944 1466 976 XV
1485 943 1630 987 palmos
1648 956 1655 983 ;
1682 942 1710 976 si
1736 950 1859 977 autem

195 1001 415 1047 peccaverit,
435 1002 501 1036 sed
520 1014 593 1036 non
614 1003 774 1047 pollutus
794 1009 849 1036 est
870 998 1020 1041 XXIII,
1041 1001 1070 1035 si
1090 1002 1169 1036 sine
1188 1002 1379 1035 voluntate
1399 1001 1569 1046 pollutus,
1591 1002 1671 1034 XV.

270 1083 319 1106 10.
348 1071 502 1117 Antiqui
533 1072 732 1106 decrevere
761 1071 891 1113 sancti,
911 1079 949 1106 ut
980 1071 1178 1117 episcopus
1205 1084 1271 1116 pro
1291 1070 1512 1116 capitalibus
1540 1070 1702 1115 peccatis
1722 1072 1858 1105 XXIII

195 1130 303 1165 annis
322 1130 498 1175 peniteat,
524 1130 708 1175 presbiter
727 1131 818 1174 XII,
838 1130 1017 1165 diaconus
1044 1132 1134 1173 VII,
1155 1130 1207 1164 sic
1234 1129 1339 1173 virgo
1370 1130 1561 1174 lectorque
1588 1136 1624 1164 et
1652 1129 1861 1174 religiosus,

196 1188 368 1223 ebibatus
387 1195 512 1222 autem
538 1189 600 1222 IV.

271 1268 320 1292 11.
352 1259 462 1292 Nunc
492 1265 619 1292 autem
644 1257 838 1303 presbiteri
858 1257 997 1292 ruentis
1026 1257 1230 1302 penitentia
1257 1264 1313 1291 est
1333 1255 1556 1301 diaconique
1587 1263 1622 1291 et
1642 1255 1859 1290 subdiaconi

195 1315 424 1361 virginisque
437 1323 472 1351 et
487 1315 664 1361 cuiusque
683 1316 844 1351 hominis
857 1315 1048 1350 hominem
1068 1316 1115 1350 ad
1130 1322 1288 1350 mortem
1305 1314 1487 1349 tradentis
1506 1321 1639 1348 etcum
1658 1314 1862 1359 pecodibus

196 1375 253 1409 vel
269 1387 353 1409 cum
368 1386 435 1409 sua
450 1387 575 1410 sorore
586 1376 644 1409 vel
664 1387 748 1410 cum
768 1375 890 1410 mariti
905 1386 1016 1409 uxore
1035 1373 1253 1409 fornicantis
1266 1381 1302 1408 et
1315 1373 1467 1408 venenis
1486 1373 1677 1407 hominem
1691 1373 1862 1408 occidere

196 1432 582 1473 volentis,triennium.
613 1433 737 1467 Primo
750 1445 849 1467 anno
860 1445 971 1478 super
985 1432 1309 1476 terram,secundo
1323 1431 1439 1476 lapidi
1451 1439 1563 1476 caput
1579 1431 1861 1476 imponendum,

196 1490 305 1525 tertio
333 1502 444 1536 super
468 1503 575 1525 axem
606 1490 752 1532 iaceat3
780 1491 860 1525 solo
890 1502 989 1536 pane
1018 1496 1053 1524 et
1079 1502 1178 1535 aqua
1200 1497 1236 1524 et
1267 1490 1344 1523 sale
1366 1496 1402 1523 et
1432 1488 1630 1531 leguminis
1657 1488 1862 1533 talimpulo,

196 1556 376 1584 vescatur.
430 1549 628 1595 Ceterique
658 1548 788 1583 malint
817 1550 929 1583 XXX
956 1548 1149 1583 triduanos
1177 1549 1234 1582 vel
1263 1559 1346 1582 cum
1375 1546 1747 1592 superpositionibus,
1778 1559 1863 1582 cum

197 1607 292 1651 cybo
311 1608 481 1652 lectoque
501 1607 727 1652 supradicto,
746 1619 897 1641 annona
915 1607 963 1641 ad
982 1618 1118 1640 nonam
1140 1618 1258 1651 usque
1282 1606 1330 1640 ad
1353 1607 1520 1640 alteram.
1571 1605 1656 1640 Alia
1679 1612 1735 1640 est
1762 1605 1863 1650 peni-

197 1665 313 1700 tentia
346 1667 403 1699 ΙΙΙ
431 1665 550 1708 annis,
581 1666 648 1700 sed
676 1665 819 1700 himina
848 1666 894 1699 de
926 1665 1082 1699 cervisia
1111 1666 1167 1699 vel
1193 1666 1289 1699 lacte
1320 1676 1402 1698 cum
1431 1676 1527 1709 pane
1558 1665 1721 1709 saleque,
1747 1665 1864 1699 altera

197 1734 216 1756 e
239 1723 383 1757 duabus
403 1723 574 1758 noctibus
593 1735 677 1758 cum
696 1722 842 1768 prandii
862 1722 1004 1757 ratione
1030 1729 1066 1757 et
1093 1722 1223 1757 ordine
1243 1724 1318 1756 XII
1341 1721 1441 1756 horis
1461 1721 1625 1756 noctium
1646 1721 1864 1767 dierumque

199 1782 323 1816 Deum
343 1774 552 1827 supplicare
570 1782 722 1816 debent.

272 1860 322 1884 12.
351 1850 451 1885 Hinc
470 1858 593 1885 autem
610 1850 817 1896 presbitero
835 1851 967 1885 offerre
986 1850 1209 1885 sacrificium
1222 1850 1279 1884 vel
1299 1849 1459 1884 diacono
1472 1856 1600 1884 tenere
1619 1849 1774 1883 calicem
1790 1860 1862 1883 non

197 1908 284 1943 licet
302 1916 365 1943 aut
385 1908 421 1943 in
441 1909 695 1943 sublimiorem
715 1910 873 1953 gradum
893 1909 1108 1943 ascendere.

274 1988 325 2021 13.
358 1978 521 2012 Usuram
541 1978 732 2023 accipiens
752 1979 882 2023 perdat
901 1990 946 2013 ea
964 1990 1059 2023 quae
1077 1977 1227 2022 accipit.

274 2058 323 2090 14.
355 2046 460 2092 [Qui]
476 2048 592 2092 preda
607 2049 662 2082 vel
680 2048 809 2082 fraude
829 2047 957 2091 vescit,
977 2047 1191 2081 semiannis.

275 2126 325 2160 15.
356 2116 498 2161 Virgini
518 2118 688 2151 osculum
704 2116 740 2150 in
759 2124 902 2151 secreto
921 2117 1094 2161 prebens,
1113 2115 1324 2149 triduanum
1345 2115 1520 2160 peniteat.

275 2188 323 2221 16.
354 2188 395 2220 In
415 2187 574 2221 ecclesia
592 2186 829 2221 mendacium
850 2186 986 2228 iurans,
999 2186 1248 2231 quadruplum
1268 2198 1334 2230 pro
1353 2198 1427 2231 quo
1446 2185 1631 2220 iuraverat
1650 2186 1792 2220 reddat.

1015 2343 1062 2375 11.

449 2435 608 2468 INCIPIT
636 2441 754 2467 NUNC
783 2433 970 2467 SINODUS
997 2433 1289 2473 AQU11.0NA1.1s
1319 2433 1600 2466 BRITANNIAE.

276 2530 301 2553 1.
331 2520 426 2554 Cum
454 2519 607 2553 muliere
634 2519 693 2553 vel
724 2530 807 2552 cum
836 2517 914 2552 viro
933 2529 1094 2562 peccans
1126 2517 1208 2563 quis
1236 2517 1451 2562 expellatur,
1481 2523 1517 2551 et
1547 2516 1698 2551 alterius
1718 2517 1862 2562 patriae

201 2577 383 2612 coenubio
406 2578 505 2612 vivat
534 2585 569 2612 et
600 2577 766 2623 peniteat
789 2577 982 2611 confessus
1010 2577 1067 2610 III
1090 2576 1197 2611 annis
1226 2577 1384 2619 clausus,
1404 2582 1440 2610 et
1470 2582 1600 2620 postea
1630 2576 1743 2610 frater
1768 2576 1864 2610 illius

202 2636 305 2670 alteri
326 2636 526 2679 subiectus,
546 2647 645 2670 anno
677 2647 750 2669 uno
780 2634 972 2677 diaconus,
995 2635 1052 2668 III
1086 2633 1281 2679 presbiter,
1304 2635 1357 2668 IV
1378 2633 1576 2678 episcopus
1603 2641 1639 2668 et
1677 2634 1769 2668 abas
1796 2646 1864 2668 suo

204 2694 286 2740 quis
304 2707 375 2740 que
395 2694 525 2729 ordine
538 2694 703 2739 privatus
722 2692 886 2728 doctoris
906 2692 1043 2727 iudicio
1062 2692 1237 2737 peniteat.

273 2763 302 2786 2.
332 2752 403 2795 Qui
439 2752 559 2797 ipsum
605 2750 865 2796 inquinaverit,
892 2761 1031 2784 annum
1063 2750 1210 2784 clausus
1239 2749 1416 2794 peniteat,
1444 2761 1534 2793 puer
1573 2750 1649 2783 XII
1680 2761 1863 2783 annorum

202 2811 272 2844 XL
299 2817 362 2845 aut
390 2812 461 2853 III,
482 2812 550 2844 XL
580 2810 650 2844 mis
675 2811 757 2853 (z'.e.,
782 2810 902 2843 tribus
925 2809 1247 2853 qlcatl'7'qg'csillll's).
1301 2808 1494 2842 Diaconus
1524 2820 1623 2842 anno
1651 2801 1798 2842 clausus
1828 2815 1865 2842 ut

203 2880 287 2902 cum
321 2868 494 2903 fratribus
519 2868 684 2914 peniteat
711 2867 895 2910 demedio,
916 2867 1091 2901 sacerdos
1120 2878 1193 2901 uno
1222 2878 1321 2901 anno
1347 2867 1495 2900 clausus
1521 2873 1557 2900 et
1584 2878 1667 2900 cum
1694 2866 1867 2900 fratribus

203 2928 329 2961 altero.

275 2995 304 3028 3.
336 2986 546 3019 Monachus
581 2990 799 3018 consecrata
826 2983 966 3016 furatus
1009 2981 1045 3015 in
1072 2981 1180 3016 exilio
1214 2993 1313 3015 anno
1351 2988 1387 3015 et
1421 2982 1538 3016 altero
1580 2992 1665 3014 cum
1691 2980 1865 3014 fratribus

206 3041 380 3086 peniteat.
433 3042 471 3076 Si
491 3049 614 3076 autem
635 3040 833 3083 iteraverit,
853 3039 1002 3074 exilium
1021 3038 1190 3084 patietur.

276 3111 306 3143 4.
336 3102 493 3135 Furatus
519 3101 664 3144 cybum,
688 3101 766 3141 XL,
786 3099 815 3133 si
844 3098 987 3140 iterato,
1018 3099 1089 3140 III,
1110 3099 1178 3132 XL
1208 3110 1288 3132 mas
1316 3099 1397 3141 (Aa,
1432 3102 1505 3132 ἶνες
1534 3098 1866 3142 quadragesimas),

207 3158 235 3192 si
256 3159 373 3201 tertio,
392 3170 502 3201 anno,
523 3158 551 3191 si
571 3165 713 3203 quarto,
733 3156 807 3200 iugi
826 3155 934 3190 exilio
954 3157 1021 3189 sub
1040 3155 1113 3190 alio
1132 3156 1241 3190 abate
1261 3156 1434 3200 peniteat.
