2214 3556
387 257 412 302 3
422 257 444 302 5
456 258 478 288 2
1049 243 1164 292 Vita
1194 245 1382 292 Gz'ldae.

383 378 582 430 temporis
617 379 848 420 hominum.
933 380 1120 433 Sapiens
1154 395 1330 434 quoque
1373 387 1462 422 tam
1506 381 1546 420 in
1584 380 1783 422 doctrina
1823 397 1956 436 quam
1995 383 2036 422 in

383 448 555 488 actione
578 455 682 496 erat,
705 462 839 488 verax
873 449 914 488 in
948 449 1252 499 collocutione,
1275 450 1320 489 in
1343 449 1609 490 orationibus
1633 451 1846 500 assiduus,
1868 465 2040 505 pernox

383 517 423 555 in
449 517 619 569 vigiliis,
643 517 813 556 ieiuniis
836 531 994 570 corpus
1019 532 1256 567 maceranS,
1280 519 1324 558 in
1348 518 1527 558 iniuriis
1540 519 1726 571 patiens,
1750 520 1791 559 in
1817 520 2038 572 colloquio

381 585 581 634 affabilis,
601 587 640 625 in
665 586 958 638 eleemosynis
982 587 1139 639 largus,
1155 588 1195 626 in
1216 588 1335 627 omni
1356 587 1553 627 bonitate
1576 588 1849 640 conspicuus.
1895 588 2037 628 Doce-

381 655 455 694 bat
487 668 662 707 quoque
695 655 936 695 haereticos
978 663 1078 708 post
1120 657 1306 708 primam
1351 662 1393 695 et
1434 657 1672 695 secundam
1716 657 2036 709 correptionem
2076 650 2093 679 5

378 723 640 762 devitandos
663 737 768 771 esse,
790 723 1082 776 eleemosynis
1115 730 1261 763 autem
1295 730 1477 776 peccata
1499 724 1711 764 redimere
1743 725 2038 776 praedicabat,

378 793 620 832 esurientes
657 792 828 841 satiare,
863 792 1061 832 sitientes
1103 799 1269 844 potare,
1308 793 1449 832 nudos
1483 793 1653 841 vestire,
1690 792 1884 833 infirmos
1919 801 1960 834 et
1996 794 2036 833 in

377 861 621 900 carceribus
646 861 812 913 positos
835 862 1022 909 visitare,
1046 868 1242 900 mortuos
1275 862 1470 914 sepelire,
1495 861 1600 901 nulli
1631 861 1794 901 malum
1819 876 1898 915 pro
1921 862 2038 902 malo

378 931 570 979 reddere,
609 931 817 970 ieiunium
851 943 1010 979 amare,
1042 930 1200 982 vigiliis
1229 936 1272 969 et
1309 930 1580 970 orationibus
1617 944 1792 983 semper
1828 931 2038 972 insistere.

380 998 451 1038 Sic
475 998 667 1046 clericos,
689 999 748 1037 sic
773 998 1025 1047 monachos,
1048 998 1108 1037 sic
1140 998 1272 1037 etiam
1307 998 1439 1038 laicos
1471 999 1626 1038 doctor
1657 1000 1857 1052 egregius
1881 1001 2038 1040 instru—
2059 999 2095 1018 ¹0

380 1067 481 1106 ebat
516 1066 711 1119 nihilque
748 1067 844 1106 aliis
867 1080 999 1119 quam
1033 1067 1152 1119 quod
1191 1067 1282 1118 ipse
1316 1067 1476 1106 faceret
1508 1067 1816 1120 praecipiebat.
1882 1069 2038 1122 Itaque

99 1141 196 1191 170⁷st
216 1139 254 1182 ἰ).
272 1147 318 1193 23·
378 1135 573 1175 (nauibus
607 1135 751 1175 omnia
787 1136 938 1186 factus
981 1149 1074 1174 cnm
1126 1134 1367 1187 lugentibus
1413 1136 1572 1188 lngenS,
1612 1150 1706 1175 cunt
1749 1137 2040 1189 gaudentibus

98 1180 184 1207 lwm‘
206 1187 318 1214 ”¹³³⁰
379 1211 471 1244 erat
499 1204 706 1256 gaudens.
789 1205 896 1244 Erat
933 1205 1081 1256 itaque
1118 1211 1242 1257 pater
1278 1219 1521 1258 pauperum
1559 1213 1692 1259 atque
1729 1207 2040 1259 orphanorum,

380 1275 625 1326 lugentium
649 1274 909 1314 consolator.
975 1274 1222 1326 Litigantes
1244 1276 1297 1314 ad
1323 1275 1605 1315 concordiam
1630 1276 1876 1324 revocabat,
1897 1275 2039 1315 homi-

379 1343 498 1383 cidas
536 1350 697 1391 autem,
739 1343 974 1391 adulteros,
1016 1342 1264 1395 sacrilegos,
1306 1343 1432 1393 fures,
1475 1351 1684 1397 raptores,
1726 1345 2040 1397 cuiuscumque
2060 1345 2095 1374 ¹5

378 1413 648 1452 condicionis
670 1418 828 1460 essent,
855 1411 1079 1463 arguebat,
1097 1411 1258 1452 nullius
1281 1426 1514 1465 personam
1538 1427 1701 1453 verens.
1756 1413 1814 1453 Et
1837 1413 2040 1466 primitus

379 1482 556 1534 quidem
605 1494 661 1520 ex
714 1480 980 1533 euangelicis
1026 1480 1154 1521 dictis
1203 1487 1336 1534 atque
1383 1482 1635 1534 apostolicis
1682 1489 1725 1523 et
1771 1482 2040 1535 propheticis

379 1565 453 1591 eos
485 1557 664 1600 terrens,
696 1549 856 1590 deinde
888 1551 942 1590 ad
977 1551 1292 1603 paenitentiam
1326 1565 1546 1600 revocanS‚
1578 1552 1661 1591 Dei
1696 1551 2037 1591 misericordiam

379 1618 652 1659 confidenter
696 1618 985 1671 promittebat
1033 1632 1108 1659 eos
1157 1620 1406 1672 promereri,
1448 1620 1482 1659 si
1524 1627 1672 1660 tamen
1716 1620 1849 1673 digne
1891 1620 2038 1672 paeni-

379 1695 531 1729 terent.
2057 1698 2095 1718 20

467 1758 626 1797 Denuo
659 1763 834 1797 sanctus
858 1758 921 1797 vir
943 1771 967 1797 a
997 1757 1200 1797 fratribus
1238 1764 1417 1810 rogatus
1451 1758 1674 1811 religiosis,
1696 1759 1770 1811 qui
1804 1758 1858 1798 ad
1891 1771 1991 1798 eum
2015 1772 2037 1798 e
2066 1763 2120 1806 19

382 1827 618 1866 Britanniis
657 1834 876 1875 venerant,
911 1833 1010 1879 post
1047 1827 1200 1867 decem
1236 1841 1388 1876 annos,
1423 1842 1481 1867 ex
1515 1842 1604 1881 quo
1647 1829 1747 1868 inde
1790 1836 2038 1877 recesserat,

380 1896 551 1948 scripsit
576 1895 856 1947 epistolarem
887 1894 1111 1944 libellum,1
1135 1896 1176 1934 in
1201 1909 1289 1948 quo
1321 1896 1514 1947 quinque
1544 1910 1665 1948 reges
1705 1897 1840 1949 ipsius
1872 1897 2039 1937 insulae

382 1965 601 2017 redarguit
644 1965 825 2004 diversis
862 1965 1097 2004 sceleribus
1139 1972 1271 2017 atque
1314 1965 1568 2005 criminibus
1610 1967 1809 2006 irretitos
1891 1966 2038 2019 Quam

381 2035 604 2086 eleganter
626 2035 773 2086 itaque
805 2040 847 2073 et
880 2035 1100 2074 succincte
1132 2047 1282 2073 eorum
1317 2035 1538 2086 ignaviam
1563 2036 1974 2075 commemoraverit
1997 2042 2039 2076 et
2058 2052 2094 2081 25

380 2103 640 2143 nominatim
684 2116 1046 2155 unumquemque
1087 2104 1141 2142 de
1184 2104 1272 2142 suis
1310 2104 1516 2155 nequitiis
1563 2104 1903 2156 reprehenderit,
1939 2104 2039 2144 huic

97 2182 214 2224 Sapra,
239 2191 289 2218 pp.
310 2181 357 2218 65,
380 2173 567 2225 paginae
591 2171 751 2211 addere
776 2171 950 2223 placuit.
1013 2171 1259 2221 Enimvero,
1283 2172 1435 2224 inquit,
1457 2172 1649 2212 celabunt
1676 2173 1796 2221 cives,
1817 2173 1933 2225 qnod
1958 2187 2040 2213 non

134 2224 180 2249 ‘m‘
377 2241 512 2280 solnm
547 2247 798 2288 nostrormn,
831 2240 908 2280 sed
938 2240 1194 2292 exprobrant
1226 2241 1314 2280 iam
1352 2241 1396 2280 z'n
1430 2241 1609 2281 circuilu
1647 2241 1840 2281 nationes
1857 2242 1878 2281 I?
1917 2240 2042 2281 habet

377 2309 528 2349 clcnim
562 2308 801 2348 Britannia
833 2322 956 2361 reges,
988 2308 1065 2348 sed
1092 2316 1295 2360 tyrannos
1310 2325 1328 2357 ,·
1373 2309 1530 2349 indices
1565 2309 1701 2357 habet,
1733 2309 1810 2349 sed
1849 2309 2000 2361 impios
2019 2325 2038 2357 ,·

377 2382 495 2427 saepe
526 2375 788 2427 praedantes
827 2381 868 2414 et
920 2374 1203 2424 concutientes,
1244 2376 1320 2415 sed
1357 2376 1592 2416 innocentes
1609 2391 1628 2424 ,·
1691 2375 1958 2416 vindicantes
2001 2383 2040 2415 et
2057 2387 2096 2416 30

447 2631 455 2651 ¹
483 2632 737 2675 Jifiislolezrem
769 2633 1127 2676 Jibellznn,epistola.
1207 2633 1287 2666 The
1318 2632 1544 2677 biographer
1584 2638 1795 2675 represents
1831 2629 1962 2664 Gildas
1996 2641 2037 2663 as

376 2688 520 2732 writing
548 2689 603 2722 his
625 2692 643 2705 ‘⁶
659 2689 859 2734 epistolary
878 2690 1009 2733 book-‚³³
1029 2691 1077 2734 by
1100 2689 1219 2724 which
1247 2691 1293 2724 he
1326 2702 1455 2724 means
1486 2690 1547 2723 the
1574 2690 1631 2722 De
1654 2688 1827 2729 Ελϊίῑίίο,
1849 2694 1910 2722 ten
1929 2698 2036 2731 years

374 2746 466 2779 aster
484 2746 540 2780 his
561 2748 773 2781 seulement
794 2747 828 2780 in
850 2747 1029 2792 Hrittany.
1081 2748 1162 2782 The
1191 2747 1269 2782 title
1296 2748 1383 2782 here
1414 2747 1535 2791 given,
1556 2747 1629 2780 and
1653 2746 1808 2790 epistola
1826 2746 1955 2787 below,
1975 2756 2037 2779 are

375 2804 525 2838 derired
557 2805 649 2838 from
682 2805 821 2839 Gildas’
850 2817 929 2839 own
963 2806 1092 2848 words,
1112 2806 1158 2838 ln
1186 2806 1255 2839 llas
1276 2806 1441 2850 epistola,
1462 2805 1547 2838 with
1577 2803 1694 2837 which
1724 2803 1781 2837 his
1809 2803 1908 2837 work
1938 2814 2036 2836 com-

376 2874 545 2902 mences3
566 2863 640 2896 and
661 2864 721 2897 the
742 2863 823 2897 idea
839 2863 878 2897 of
894 2864 912 2878 “
927 2871 986 2897 ten
1004 2865 1128 2907 years⁷⁷
1149 2871 1246 2897 must
1265 2864 1310 2897 be
1330 2864 1465 2907 sought
1485 2863 1519 2896 iu
1540 2863 1601 2896 the
1621 2873 1723 2896 same
1737 2861 1901 2905 chapter,
1916 2861 2037 2894 where

375 2920 420 2953 he
437 2933 520 2964 says
537 2921 614 2954 that
628 2922 672 2954 he
692 2922 779 2964 kept
795 2921 931 2955 silence
949 2923 1069 2965 spatia
1085 2922 1237 2955 bilustri
1253 2923 1437 2965 temporis.
1480 2922 1562 2964 But,
1576 2932 1616 2954 as
1632 2920 1699 2954 has
1715 2921 1809 2953 been
1827 2918 2037 2963 previously

378 2978 601 3020 mentioned,
623 2979 752 3013 Cildas
782 2987 877 3013 must
909 2981 1002 3014 have
1023 2979 1165 3014 written
1199 2979 1256 3014 his
1288 2980 1387 3013 book
1406 2979 1513 3013 while
1540 2986 1601 3023 yet
1624 2978 1659 3012 in
1689 2977 1841 3021 Britain,
1861 2977 1935 3012 and
1961 2984 1997 3012 at
2016 2989 2038 3012 a

378 3035 464 3068 time
489 3037 528 3068 ‹›f
552 3036 694 3070 intense
731 3036 880 3080 activity
905 3050 945 3071 as
974 3050 995 3071 a
1031 3039 1209 3082 preacher
1237 3038 1310 3071 and
1342 3038 1519 3072 reformes
1548 3038 1625 3079 (see
1653 3043 1760 3070 notes
1789 3047 1835 3069 on
1869 3047 1898 3070 c.
1930 3037 1972 3080 65
2002 3035 2043 3069 of

380 3094 434 3125 lh*
452 3094 635 3136 Excidio).
692 3095 731 3127 In
760 3102 904 3139 respect
935 3096 976 3129 os
1005 3095 1078 3129 this
1104 3095 1228 3138 detail,
1246 3107 1297 3129 we
1328 3107 1390 3130 are
1420 3095 1532 3139 again
1564 3095 1623 3129 led
1649 3102 1686 3129 to
1714 3093 1845 3129 decide
1873 3095 1951 3129 that
1977 3095 2038 3129 the

379 3150 602 3193 biographer
621 3152 687 3185 has
702 3152 811 3186 fallen
833 3152 909 3186 into
928 3164 1029 3187 error
1047 3154 1094 3197 by
1113 3165 1134 3187 a
1155 3153 1511 3198 misinterpretation
1530 3153 1571 3187 of
1592 3153 1655 3187 the
1673 3151 1852 3187 allusions
1872 3152 1981 3186 made
2002 3151 2037 3185 in

381 3205 440 3238 the
471 3207 567 3239 work
600 3206 716 3240 which
749 3207 793 3240 he
829 3208 902 3241 had
938 3208 1063 3242 before
1098 3208 1198 3242 him:
1237 3209 1315 3243 that
1347 3209 1445 3243 work
1477 3208 1506 3242 is
1541 3207 1676 3252 rightly
1707 3207 1889 3251 regarded
1920 3218 1960 3241 as
1990 3218 2037 3241 an
