2173 3556
1 669 93 706 Apus.
114 669 142 701 ii,
160 669 186 697 6.

1 792 257 828 ,¹11·!.ix·,32;v,o.

3 1141 94 1168 Dens.
129 1140 175 1171 vii,
207 1140 258 1166 6:

29 1180 86 1210 xiv,
98 1188 122 1207 2.
154 1179 164 1206 1
175 1178 258 1206 Par.

29 1228 56 1249 n,
78 1228 104 1254 9.

3 1278 61 1304 lfa]
68 1278 100 1305 vd.
122 1277 157 1309 lv,
177 1285 220 1304 22.

13 2028 24 2055 Ι
44 2028 112 2056 Cor.
133 2026 183 2059 xii,
204 2034 248 2063 15.

54 2068 96 2094 16.

16 2505 153 2533 l-fcclesia
162 2509 212 2533 <les
233 2505 260 2533 iii
268 2529 272 2537 ‚

50 2554 76 2579 7.

16 2716 86 2743 lm.
108 2716 134 2747 ai,
153 2725 179 2750 7.

284 252 310 290 6
784 243 862 289 De
888 242 1100 289 Excidio
1124 239 1438 287 Britanniae.

281 383 487 423 iudicium
513 381 723 422 timebam
748 395 755 426 ;
788 380 1022 419 laudabam
1054 378 1254 429 gratiam,
1276 377 1350 416 sed
1376 375 1668 415 redditionem
1700 373 1936 426 unicuique

281 452 519 492 secundum
544 464 676 502 opera
699 463 776 489 sua
799 448 1003 496 verebar;
1036 460 1139 487 oves
1163 446 1290 486 unius
1324 444 1450 485 ovilis
1485 442 1720 483 dissimiles
1754 455 1935 482 cernens

283 520 437 560 merito
461 519 759 558 beatissimum
784 516 983 557 dicebam
1010 517 1185 556 Petrum
1223 514 1281 553 ob
1315 513 1477 554 Christi
1517 513 1733 563 integram
1768 510 1935 550 confes-

282 589 462 636 sionem,
504 594 548 627 at
604 587 758 626 Iudam
811 585 1159 625 infelicissimum
1212 587 1392 635 propter
1429 580 1686 633 cupiditatis
1728 592 1937 628 amorem,

283 656 556 709 Stephanum
576 655 812 706 gloriosum
832 653 889 692 ob
907 653 1102 704 martyrii
1119 651 1326 704 palmam,
1341 650 1417 690 sed
1436 648 1936 690 Nicholaum1miserum

283 731 459 778 propter
481 723 732 763 immundae
754 723 982 762 haereseos
1006 727 1168 761 notam.

370 793 588 843 Legebam
629 798 768 831 certe:
801 790 947 829 Erant
981 790 1068 830 illis
1108 789 1253 828 omnia
1293 787 1534 827 communia
1553 802 1572 835 ,·
1616 787 1691 826 sed
1735 792 1778 826 et
1819 784 1937 838 quod

280 863 443 902 dietum
469 867 533 900 est
555 877 561 900 :
588 860 730 910 Quare
750 858 943 898 con-rwlit
961 858 1076 898 vobis
1099 864 1302 909 temptare
1321 856 1523 908 spiritum
1546 855 1672 895 Dei?
1714 854 1936 894 Videbam

281 945 303 970 e
326 931 512 981 regione,
534 935 748 981 quantum
772 927 1016 967 securitatis
1039 927 1291 966 hominibus
1315 926 1450 965 nostri
1475 925 1698 977 temporis,
1721 937 1770 962 ac
1793 924 1827 963 si
1851 937 1938 962 non

281 1005 394 1038 esset
417 999 533 1050 quod
557 997 794 1045 timeretur,
819 997 1069 1035 increverat.
1135 982 1417 1046 Haec'igitur
1439 1000 1482 1034 et
1505 993 1645 1033 multo
1667 992 1805 1045 plura,
1827 1005 1942 1045 quae

281 1067 505 1106 brevitatis
547 1079 677 1105 causa
719 1064 965 1104 omittenda
997 1064 1282 1112 decrevimus,
1319 1077 1418 1102 cum
1453 1062 1764 1115 qualicumque
1799 1061 1942 1100 cordis

283 1135 621 1188 compunctione
642 1134 829 1174 attonita
853 1139 1000 1172 mente
1032 1132 1206 1185 saepius
1233 1132 1425 1179 volvens,
1450 1132 1496 1180 si,
1519 1131 1712 1183 inquam,
1735 1129 1942 1182 peculiari

283 1218 339 1243 ex
363 1202 567 1243 omnibus
591 1201 841 1242 nationibus
864 1201 1040 1254 populo,
1063 1201 1218 1240 semini
1252 1200 1386 1252 regali
1422 1199 1632 1252 gentique
1665 1204 1855 1246 sanctae,
1887 1198 1942 1238 ad

283 1285 414 1323 quam
457 1272 631 1311 dixerat
652 1286 659 1310 :
704 1269 1030 1322 Primogem'tzts
1063 1284 1180 1309 mens
1221 1269 1369 1318 lsrael,
1404 1270 1586 1321 eiusque
1629 1268 1945 1317 sacerdotibus,

283 1340 520 1392 prophetis,
543 1339 728 1391 regibuS,
751 1352 826 1391 per
858 1344 923 1378 tot
961 1338 1134 1378 saecula
1169 1338 1371 1391 apostolo
1410 1337 1610 1377 ministro
1649 1337 1945 1389 membrisque

284 1409 396 1448 illius
414 1409 658 1460 primitivae
673 1407 882 1447 ecclesiae
901 1407 1121 1447 Dominus
1140 1421 1225 1447 non
1247 1407 1454 1459 pepercit,
1473 1420 1571 1446 cum
1588 1420 1613 1445 a
1629 1412 1748 1446 recto
1769 1406 1946 1445 tramite

284 1477 510 1524 deviarint,
544 1477 649 1528 quid
684 1475 759 1516 tali
797 1476 924 1515 huius
962 1482 1209 1516 atramento
1251 1476 1408 1516 aetatis
1452 1475 1646 1515 facturus
1687 1479 1787 1515 est?
1864 1474 1945 1516 Cui

285 1552 454 1598 praeter
486 1545 558 1584 illa
592 1544 781 1585 nefanda
814 1545 1109 1597 immaniaque
1142 1550 1334 1597 peccata,
1371 1558 1484 1596 quae
1519 1544 1812 1583 communiter
1846 1557 1945 1582 cum

285 1614 488 1653 omnibus
512 1613 662 1653 mundi
686 1612 904 1653 sceleratis
927 1614 1029 1665 agit,
1052 1614 1220 1654 accedit
1243 1614 1375 1653 etiam
1400 1613 1505 1652 illud
1536 1612 1670 1653 veluti
1703 1613 1947 1665 ingenitum

286 1683 389 1736 quid
413 1690 454 1722 et
479 1681 709 1722 indelebile
731 1682 1008 1733 insipientiae
1031 1682 1204 1734 pondus
1227 1688 1270 1722 et
1293 1682 1484 1722 levitatis
1509 1681 1800 1722 ineluctabile.

375 1750 524 1803 Quid?
558 1751 756 1791 mihimet
788 1751 858 1790 aio
889 1750 1037 1800 tibine,
1071 1751 1212 1800 miser,
1244 1750 1379 1791 veluti
1421 1751 1662 1803 conspicuo
1694 1765 1743 1790 ac
1775 1764 1950 1790 summo

288 1820 456 1861 doctori
488 1819 587 1860 talis
620 1833 721 1859 cura
753 1819 1055 1869 committitur,
1077 1826 1125 1860 ut
1156 1819 1305 1860 obstes
1338 1820 1496 1860 ictibus
1527 1825 1618 1860 tam
1651 1818 1831 1859 violenti
1863 1825 1949 1859 tor-

290 1889 434 1937 rentis,
457 1895 499 1928 et
522 1894 674 1928 contra
696 1888 811 1928 hunc
835 1888 1088 1929 inolitorum
1112 1888 1323 1929 scelerum
1348 1889 1497 1929 funem
1533 1902 1609 1942 per
1639 1894 1707 1928 tot
1736 1901 1949 1928 annorum

291 1959 432 2011 spatia
455 1958 694 2010 interrupte
717 1958 891 2010 lateque
915 1963 1184 2010 protractum
1208 1971 1352 1998 serves
1371 1958 1621 2011 depositum
1641 1957 1719 1997 tibi
1737 1957 1951 1998 creditum

291 2033 333 2066 et
371 2030 547 2066 taceas?
591 2025 783 2077 alioquin
827 2025 908 2065 hoc
952 2032 1017 2065 est
1059 2026 1227 2065 dixisse
1269 2026 1394 2078 pedi:
1441 2026 1654 2078 speculare
1695 2030 1737 2064 et
1777 2024 1953 2064 manui:

280 2097 396 2147 sare.
462 2094 611 2134 Habet
654 2094 880 2134 Britannia
922 2093 1141 2143 rectores?
1182 2094 1315 2134 habet
1357 2092 1683 2148 speculatores,3
1743 2093 1862 2146 Quid
1905 2098 1953 2132 tu

292 2164 501 2215 nugando
524 2163 682 2203 mutire
706 2163 936 2215 disponis?
983 2163 1146 2212 Habet,
1169 2163 1364 2216 inquam,
1386 2163 1532 2210 habet,
1550 2163 1583 2202 si
1607 2176 1694 2202 non
1718 2162 1844 2210 ultra,
1865 2175 1952 2201 non

292 2233 399 2272 citra
442 2245 682 2271 numerum.
746 2231 833 2271 Sed
876 2231 979 2284 quia
1021 2231 1217 2272 inclinati
1260 2238 1385 2272 tanto
1427 2232 1620 2285 pondere
1662 2237 1765 2271 sunt
1806 2230 1954 2283 pressi,

292 2300 452 2340 idcirco
475 2300 666 2352 spatium
697 2300 938 2353 respirandi
969 2314 1055 2340 non
1087 2300 1262 2341 habent.
1326 2300 1714 2353 Praeoccupabant
1746 2300 1876 2351 igitur
1908 2312 1954 2338 se

294 2375 447 2409 mutuo
481 2368 642 2408 talibus
676 2368 997 2409 obiectionibus
1031 2368 1098 2408 vel
1139 2369 1280 2409 multo
1321 2369 1387 2409 his
1425 2368 1782 2417 mordacioribuS,
1819 2367 1953 2407 veluti

294 2437 599 2477 condebitores
633 2450 786 2477 sensus
822 2437 918 2477 mei.
984 2437 1043 2476 Hi
1078 2451 1165 2477 non
1204 2451 1352 2489 parvo,
1386 2444 1433 2478 ut
1467 2438 1575 2487 dixi,
1608 2444 1819 2490 tempore,
1853 2450 1952 2476 cum

296 2506 473 2557 legerim
507 2506 685 2557 Tmzpns
705 2520 789 2546 esse
810 2506 1012 2558 loquendi
1029 2512 1069 2546 et
1091 2506 1266 2555 tacendi,
1289 2513 1332 2547 et
1355 2507 1398 2546 in
1422 2507 1613 2559 quadam
1631 2520 1680 2546 ac
1703 2507 1737 2546 si
1766 2512 1954 2558 angusta

296 2575 464 2614 timoris
500 2575 667 2627 porticu
704 2574 996 2615 luctabantur.
1065 2574 1273 2615 Obtinuit
1302 2576 1492 2628 vicitque
1515 2575 1695 2616 tandem
1715 2575 1954 2626 aliquando

297 2643 494 2691 creditor,
510 2643 542 2681 si
563 2656 647 2682 non
664 2656 720 2692 es,
738 2643 938 2695 inquiens
957 2643 1056 2682 talis
1079 2643 1303 2693 audaciae,
1317 2650 1364 2683 ut
1380 2644 1708 2684 interveridicas
1727 2642 1954 2683 rationalis

1963 1015 1998 1034 10

1967 1360 2002 1388 15

1973 2049 2009 2077 25

1974 2389 2012 2417 30

299 2711 517 2750 secundae
541 2724 564 2749 a
588 2710 768 2751 nuntiis4
786 2710 1070 2751 derivationis
1093 2718 1313 2751 creaturas
1332 2725 1418 2751 non
1438 2712 1721 2764 pertimescas
1739 2711 1953 2750 libertatis
1974 2731 2011 2760 35

370 2867 376 2887 ¹
410 2869 515 2902 Peter
532 2869 606 2902 and
625 2869 751 2912 Judas,
770 2880 810 2902 as
830 2870 909 2902 well
928 2881 968 2903 as
989 2870 1153 2913 Stephon
1181 2870 1255 2903 and
1284 2869 1448 2912 Nicolas,
1464 2881 1525 2904 are
1550 2868 1728 2913 similarly
1742 2870 1956 2905 contrasted

302 2926 334 2958 in
357 2938 384 2958 c.
405 2927 458 2966 (17.
510 2927 667 2969 Jerome,
689 2927 771 2970 Ep„
795 2937 845 2969 14,
866 2927 896 2968 S,
916 2938 1001 2968 says
1022 2940 1027 2961 :
1055 2927 1090 2961 A
1098 2927 1232 2960 {lendis
1258 2928 1423 2969 Pelrmn,
1443 2927 1508 2960 sed
1529 2931 1563 2961 et
1579 2927 1715 2961 Iudam
1741 2928 1956 2968 considera,-

303 2983 532 3026 §Ycfilmnum
551 2984 716 3026 suspicis,
731 2984 795 3017 sed
807 2987 842 3016 cl
860 2984 1059 3017 Nicolaum
1079 2985 1220 3028 respice.

368 3040 380 3058 ‘-'
415 3039 498 3072 Vsdc
516 3051 543 3072 c.
567 3049 617 3079 27.
958 3039 970 3060 ³
997 3052 1025 3074 c.
1046 3041 1100 3074 66.

375 3096 382 3115 ²
412 3097 577 3129 Nmzlz't's.
631 3098 699 3130 We
731 3098 825 3131 have
860 3098 948 3131 here
982 3098 1044 3132 the
1080 3098 1153 3132 Old
1190 3098 1297 3132 Latin
1329 3099 1487 3132 nuntius
1514 3099 1569 3132 sor
1602 3099 1767 3143 angelus,
1802 3109 1844 3132 so
1878 3099 1956 3133 that

307 3154 398 3186 lleb.
421 3153 453 3190 ii,
474 3162 503 3193 7,
523 3153 577 3186 “a
596 3154 686 3188 little
706 3155 816 3188 lower
833 3155 922 3188 than
942 3156 1004 3189 the
1024 3156 1185 3199 angels‚²'
1205 3163 1302 3190 must
1320 3157 1415 3190 have
1431 3157 1525 3190 been
1545 3155 1703 3190 familiar
1718 3164 1754 3190 to
1769 3156 1900 3190 Gildas
1920 3156 1955 3190 in

303 3211 364 3243 the
396 3210 498 3243 older
529 3211 684 3244 version.
737 3212 817 3245 The
851 3212 1178 3257 Pseudo-Cypriam
1206 3213 1253 3247 ad
1284 3214 1535 3248 Novatianum
1561 3215 1611 3257 16,
1631 3221 1761 3260 quotes
1781 3215 1874 3259 Jude
1907 3224 1957 3258 14,
