2214 3556
73 908 190 937 illattlz.
211 916 239 941 x,
258 909 304 937 28.

73 1254 189 1283 Alatllz.
209 1263 257 1288 xv,
278 1263 323 1290 14.

74 1670 191 1698 lllattlz.
209 1669 291 1702 xxiii,
309 1678 336 1698 2.

76 1943 196 1971 Mami
218 1942 299 1975 xxiii,

120 1991 164 2019 13.

84 2423 201 2451 Manlz.
223 2422 302 2454 xxiv,

123 2470 170 2497 49·

87 2562 203 2590 Matllz.
224 2561 302 2593 xxiv,

129 2610 174 2637 50,
194 2609 239 2637 51.

362 230 456 261 220
860 216 938 263 De
964 217 1174 264 Excidio
1198 218 1511 265 Britanniae.

359 351 446 392 ait:
487 357 612 392 estote
640 351 876 404 prudentes
907 353 1018 394 sicut
1054 360 1264 406 serpentes
1298 360 1339 394 et
1375 353 1586 406 simplices
1619 361 1730 394 sicut
1763 352 2016 394 columbae?

361 420 604 461 Prudentes
636 421 815 473 quidem
848 423 964 472 estis,
998 429 1045 463 ut
1077 423 1268 476 aliquem
1299 437 1373 463 ore
1402 423 1620 463 exitiabili
1650 423 1901 472 mordeatis,
1928 436 2015 462 non

358 495 406 529 ut
452 495 584 542 caput
645 496 850 540 vestrum,
901 492 1020 543 quod
1073 499 1138 531 est
1190 492 1403 541 Christus,
1454 491 1628 532 obiectu
1683 492 2018 544 quodammodo

357 559 551 610 corporis
581 558 839 609 defendatis,
870 574 1001 613 quem
1040 561 1144 601 totis
1181 575 1364 614 operum
1404 562 1619 602 malorum
1653 562 1882 603 conatibus
1915 576 2016 601 con-

359 627 550 668 culcatis

447 696 541 736 Nec
583 697 700 736 enim
753 698 1083 751 simplicitatem
1127 699 1431 740 columbarum
1484 700 1668 750 habetis,
1722 700 1825 752 quin
1871 700 2016 752 potius

357 765 536 804 corvino
577 765 804 805 assimilati
857 767 1019 818 nigrori
1071 780 1121 807 ac
1163 767 1298 807 semel
1351 769 1406 808 de
1457 782 1568 817 arca,
1620 769 1660 808 id
1715 774 1781 808 est
1822 768 2018 817 ecclesia,

357 833 619 874 evolitantes
658 834 846 874 inventis
883 835 1123 875 carnalium
1153 836 1432 889 voluptatum
1465 837 1675 877 fetoribus
1709 850 1926 890 nusquam
1961 837 2017 877 ad

357 915 454 941 eam
489 915 599 954 puro
633 903 764 942 corde
801 903 1039 943 revolastis,
1103 904 1191 945 Sed
1222 905 1451 944 videamus
1484 911 1527 945 et
1556 912 1725 946 cetera:
1766 905 1924 953 Nolite,
1946 906 2018 954 ait,

358 970 505 1010 timere
525 984 600 1019 eos,
623 971 703 1023 qai
733 971 926 1011 occidunt
945 979 1103 1024 empus,
1125 973 1319 1014 animam
1341 980 1484 1014 autem
1507 988 1588 1014 non
1613 981 1797 1026 possunt
1829 974 2018 1022 occidere,
2039 993 2076 1011 10

354 1039 431 1079 scd
457 1038 598 1078 timete
627 1053 721 1079 eum
753 1039 832 1092 qui
850 1046 990 1092 polest
1009 1047 1049 1080 et
1068 1041 1263 1082 animam
1285 1048 1325 1082 et
1345 1049 1491 1094 corpus
1502 1043 1682 1094 perdere
1703 1042 1748 1082 in
1763 1043 2018 1095 geliennam.

357 1107 583 1160 Quidnam
607 1107 762 1147 horum
787 1108 988 1157 feceritis,
1010 1109 1262 1161 recogitate.
1315 1110 1461 1163 Quem
1484 1124 1588 1150 vero
1610 1117 1804 1151 vestrum
1829 1124 2018 1164 sequens

355 1176 658 1217 testimonium
682 1190 769 1216 non
793 1177 835 1216 in
855 1177 1073 1230 profunda
1095 1178 1240 1218 cordis
1258 1192 1415 1219 arcana
1432 1180 1642 1228 vulneret,
1656 1180 1772 1232 quod
1797 1179 1852 1219 de
1875 1180 2020 1232 pravis

355 1244 627 1285 antistitibus
650 1244 842 1286 salvator
863 1245 919 1285 ad
952 1246 1179 1299 apostolos
1212 1247 1435 1300 loquitur?
1489 1248 1633 1288 Sinite
1654 1249 1761 1298 illos,
1782 1248 1892 1288 caeci
1919 1254 2023 1288 sunt

356 1313 478 1354 duces
509 1328 721 1354 caec07'lllll
738 1330 752 1355 .·
783 1329 924 1355 caecus
957 1322 1100 1356 autem
1133 1316 1175 1356 si
1204 1331 1316 1357 caeco
1348 1317 1550 1357 ducatum
1573 1324 1775 1370 praestet,
1811 1317 1934 1357 ambo
1976 1317 2020 1357 in
2042 1336 2076 1364 15

354 1385 524 1432 foveam
550 1384 707 1424 caelent.

446 1453 593 1506 Egerit
626 1467 730 1493 sane
762 1454 927 1507 populi,
950 1454 1110 1507 quibus
1134 1456 1346 1508 praeestis
1368 1455 1435 1496 vel
1470 1457 1618 1509 potius
1641 1470 1751 1509 quos
1773 1455 2022 1508 decepistis,
2042 1460 2104 1515 96

357 1522 522 1562 audire.
585 1522 820 1563 Attendite
843 1524 974 1564 verba
998 1525 1180 1564 Domini
1213 1526 1267 1565 ad
1301 1525 1527 1578 apostolos
1550 1532 1593 1566 et
1616 1526 1766 1566 turbas
1789 1524 2022 1577 loquentis,

357 1605 470 1644 quae
493 1597 536 1631 et
554 1604 643 1640 VOS,
662 1597 709 1631 ut
731 1591 891 1640 audiO,1
917 1593 958 1632 in
979 1594 1173 1633 medium
1193 1594 1345 1634 crebro
1364 1594 1558 1646 proferre
1574 1608 1660 1634 non
1686 1593 1834 1646 pudet.
1880 1593 2024 1645 Super

358 1660 601 1700 cathedram
634 1660 783 1712 Moysi
809 1661 1010 1701 sederunt
1037 1662 1197 1702 scribae
1217 1669 1258 1702 et
1278 1662 1520 1704 Pharisaei.
1586 1663 1745 1704 Omnia
1777 1676 1874 1716 eago
1896 1677 2021 1715 quae-
2042 1679 2080 1697 20

358 1742 533 1780 cumque
554 1729 744 1769 dixerint
764 1729 890 1778 vobis,
911 1737 1077 1770 servate
1098 1737 1139 1770 et
1159 1731 1297 1782 facile
1311 1747 1325 1771 .·
1356 1731 1585 1771 secundum
1609 1746 1705 1771 vero
1728 1738 1852 1784 opera
1875 1745 2021 1771 eorum

361 1798 487 1838 nolite
493 1799 649 1850 facere.
712 1799 878 1838 Dicunt
896 1799 1010 1839 enim
1032 1806 1073 1840 et
1093 1799 1177 1852 ipsi
1196 1814 1277 1840 noa
1287 1801 1475 1852 filciunt.
1555 1801 1807 1840 Periculosa
1830 1807 1948 1840 certe
1971 1813 2021 1839 ac

361 1882 633 1921 supervacua
655 1869 957 1909 sacerdotibus
980 1869 1183 1910 doctrina
1219 1877 1296 1920 est,
1314 1885 1427 1924 quae
1461 1871 1606 1924 pravis
1644 1871 1849 1924 operibus
1873 1870 2022 1910 obfus-

362 1944 496 1978 catur.
582 1937 666 1977 Vae
696 1938 823 1986 vobis,
854 1938 1102 1990 hypocritae,
1134 1939 1212 1992 qai
1239 1940 1442 1979 clauditis
1473 1954 1652 1992 regumn
1683 1940 1892 1980 caelorum
1924 1945 2023 1978 aule

363 2007 562 2057 homines,
585 2022 658 2047 vos
678 2015 820 2048 aulem
844 2023 926 2048 non
949 2009 1128 2049 intratis
1149 2024 1220 2049 nee
1250 2010 1496 2050 introientes
1515 2010 1661 2050 sinin&
1682 2011 1856 2050 intrare.
1921 2010 2020 2049 Non
2043 2027 2080 2055 25

365 2076 506 2116 solum
529 2076 646 2116 enim
672 2090 777 2129 prae
799 2078 935 2117 tantis
960 2078 1175 2118 malorum
1200 2079 1468 2126 criminibus,
1490 2092 1602 2131 quae
1625 2079 1775 2130 geritis
1798 2079 1840 2118 in
1866 2078 2024 2126 sutum,

364 2144 440 2184 sed
478 2146 611 2185 etiam
650 2160 729 2198 pro
766 2146 845 2195 his,
879 2147 953 2199 qui
991 2153 1137 2187 vestro
1174 2147 1336 2188 cotidie
1371 2147 1581 2200 exemplo
1616 2153 1813 2200 pereunt,
1850 2147 2024 2200 poenali

365 2227 508 2266 poena
531 2214 783 2267 plectemini
804 2230 810 2255 :
842 2229 1028 2267 quorum
1053 2216 1232 2269 sanguis
1256 2217 1298 2256 in
1322 2217 1393 2257 die
1415 2216 1563 2257 iudicii
1579 2216 1634 2256 de
1650 2217 1804 2257 vestris
1823 2215 2025 2256 manibus

365 2284 617 2336 requiretur.

455 2351 543 2393 Sed
586 2353 690 2405 quid
735 2353 850 2403 mali,
892 2355 1009 2407 quod
1053 2354 1165 2394 servi
1209 2355 1418 2407 parabola
1460 2355 1770 2408 praetenderit,
1811 2355 2026 2407 inspicite,
2046 2374 2084 2401 30

367 2421 554 2461 dicentis
589 2422 630 2461 in
662 2422 792 2463 corde
829 2437 931 2464 suo:
968 2423 1145 2463 Momm
1169 2424 1289 2476 facit
1322 2424 1539 2464 Dominus
1574 2438 1692 2464 meas
1722 2424 1874 2464 venire.
1938 2423 2026 2476 Qui

369 2503 448 2542 pro
484 2489 566 2529 hoc
602 2489 783 2531 forsitan
823 2491 1031 2544 inceperat
1061 2499 1280 2544 perculere
1312 2507 1527 2532 conservos
1565 2507 1662 2532 snos
1695 2493 1959 2531 manducans
1989 2498 2028 2530 et

369 2556 509 2595 bibens
529 2571 622 2596 cnm
644 2557 780 2598 ebriis.
866 2559 1010 2599 Veniet
1029 2573 1136 2611 wgo,
1161 2560 1312 2612 inquit,
1337 2559 1551 2598 Dominus
1590 2559 1707 2598 servi
1736 2558 1854 2598 illins
1883 2558 1927 2597 in
1950 2557 2028 2606 die,

369 2638 454 2676 qna
477 2639 557 2664 non
579 2633 730 2677 speras,
752 2633 792 2666 el
811 2627 926 2676 liora,
947 2641 1032 2679 qua
1054 2628 1236 2680 ignorat,
1257 2634 1297 2667 et
1323 2627 1488 2667 dividar
1507 2642 1613 2677 eum,
1631 2641 1655 2666 a
1678 2627 1840 2666 sanctis
1863 2626 2027 2666 scilicet

371 2694 683 2743 sacerdotibus,
696 2702 948 2748 partemque
963 2696 1054 2736 eius
1064 2703 1195 2748 ponet
1214 2710 1307 2736 cam
1330 2696 1567 2748 hypocritis,
1590 2709 1689 2735 cum
1713 2696 1774 2735 eis
1803 2701 1931 2742 certe,
1953 2695 2026 2747 qui
2047 2707 2084 2736 35

370 2762 451 2801 sub
473 2762 732 2803 sacerdotali
749 2765 942 2816 tegmine
958 2764 1144 2805 multum
1164 2764 1432 2804 obumbrant
1451 2764 1683 2816 nequitiae,
1701 2763 1798 2811 illic,
1816 2763 2029 2815 inquiens,

369 2830 593 2884 erz'tstetus
613 2838 654 2871 et
671 2832 835 2872 stridor
853 2833 1057 2883 dentiam,
1079 2833 1238 2886 quibus
1270 2833 1311 2872 in
1345 2833 1426 2872 hac
1448 2833 1538 2873 vita
1571 2846 1657 2872 non
1691 2832 1841 2872 crebro
1873 2832 2030 2880 evenit,

441 3047 452 3068 ¹
485 3049 535 3082 Ut
560 3049 682 3082 audio.
744 3050 826 3084 The
852 3051 966 3084 monk
993 3050 1022 3084 is
1047 3050 1136 3084 here
1160 3049 1332 3094 retailing
1356 3049 1557 3093 scornfully
1583 3049 1703 3083 words
1729 3048 1848 3083 which
1875 3048 2030 3093 bishops

372 3117 465 3140 were
485 3113 580 3140 wont
601 3114 637 3140 to
655 3114 766 3150 quote
785 3118 826 3141 as
846 3107 1066 3151 supporting
1084 3107 1271 3151 authority
1290 3107 1325 3141 in
1345 3108 1407 3142 the
1428 3107 1589 3141 Church.
