2204 3556
427 675 850 750 {References
904 684 975 750 tn
1032 675 1300 749 &fluas
1354 676 1425 749 1'11
1479 675 1777 749 ,(ἕίιιείειιϊ

911 802 1293 878 writers.

363 1116 391 1145 Ι.
429 1105 581 1144 Letter
600 1105 709 1145 from
729 1105 1045 1153 ColumbanuS,
1060 1105 1163 1144 then
1184 1105 1337 1145 Abbot
1355 1105 1406 1144 of
1420 1105 1611 1145 Luxeuil
1629 1105 1936 1158 (Luxovium),

269 1180 316 1214 to
356 1175 476 1227 Pope
511 1175 712 1228 Gregory
753 1175 784 1223 I,
818 1176 991 1215 written
1027 1175 1223 1215 between
1262 1184 1340 1226 595
1367 1175 1454 1214 and
1490 1175 1584 1215 600.
1647 1174 1934 1215 Monumenm

271 1242 531 1283 Germaniae
556 1243 788 1293 Hz'storz'ca,
812 1244 1129 1296 Epistolarum,
1155 1243 1323 1283 Tomus
1353 1244 1410 1291 iii,
1434 1257 1505 1296 pp.
1535 1246 1624 1294 158,
1654 1253 1742 1295 159.

339 1336 513 1369 Ceterum
548 1335 595 1369 de
630 1334 817 1379 episcopis
853 1334 923 1369 illis
951 1335 1041 1380 quid
1081 1334 1222 1369 iudicas
1259 1335 1458 1379 interrogo,
1495 1334 1555 1380 qui
1601 1342 1731 1369 contra
1773 1347 1936 1369 canones

267 1394 497 1436 ordinantur,
528 1393 565 1427 id
594 1400 649 1428 est
677 1393 1123 1438 quaestu—Simoniacos
1151 1400 1187 1428 et
1215 1393 1346 1427 Gildas
1367 1394 1467 1437 (MS.
1489 1393 1624 1435 Giltas)
1652 1400 1783 1427 auctor
1809 1401 1933 1437 pestes

268 1452 416 1497 scripsit
451 1453 553 1496 (MS.
592 1451 838 1496 scripsistis):
884 1451 1079 1497 Numquid
1122 1464 1206 1486 cum
1242 1452 1312 1486 illis
1348 1452 1704 1486 communicandum
1739 1453 1848 1486 est?.
1870 1480 1876 1486 .
1898 1479 1935 1486 ..

267 1510 395 1545 Tertio
414 1509 716 1553 interrogationis
735 1511 818 1544 loco
837 1511 1025 1554 responde
1043 1511 1178 1553 adhuc,
1207 1522 1348 1554 quaeso
1375 1510 1404 1544 si
1431 1522 1506 1544 non
1533 1511 1734 1544 molestum
1753 1517 1821 1552 est,
1847 1510 1937 1555 quid

266 1567 480 1602 faciendum
515 1575 571 1602 est
601 1568 648 1602 de
683 1567 878 1602 monachis
914 1567 995 1610 illis,
1031 1568 1091 1613 qui
1123 1579 1189 1612 pro
1225 1568 1296 1602 Dei
1333 1568 1466 1602 intuitu
1501 1575 1537 1602 et
1575 1568 1672 1602 vitae
1707 1568 1936 1612 perfectioris

267 1626 454 1661 desiderio
472 1626 620 1660 accensi
641 1633 771 1660 contra
788 1633 875 1661 vota
894 1626 1086 1661 venientes
1114 1626 1255 1671 primae
1282 1626 1536 1660 conversionis
1564 1627 1645 1660 loca
1672 1626 1883 1671 relinquunt
1901 1635 1936 1661 et

267 1684 390 1719 invitis
420 1684 632 1727 abbatibus,
663 1684 806 1718 fervore
837 1685 1107 1719 monachorum
1139 1692 1309 1729 cogente,
1340 1692 1402 1719 aut
1429 1686 1599 1719 laxantur
1625 1692 1687 1719 aut
1713 1685 1761 1718 ad
1789 1685 1937 1719 deserta

266 1742 438 1786 fugiunt?
487 1741 705 1775 Vennianus
739 1738 869 1776 auctor
903 1742 1054 1776 Gildam
1090 1743 1187 1785 (MS.
1233 1743 1389 1785 Giltam)
1431 1743 1478 1776 de
1520 1742 1577 1776 his
1620 1742 1859 1786 interrogavit
1902 1750 1937 1777 et

265 1799 543 1843 elegantissime
568 1800 627 1834 ille
656 1799 867 1845 rescripsit:
896 1800 962 1834 sed
994 1808 1119 1834 tamen
1145 1800 1313 1834 discendi
1343 1800 1467 1834 studio
1497 1812 1644 1845 semper
1671 1799 1788 1834 maior
1814 1807 1935 1834 metus

265 1866 455 1894 accrescit.

355 2005 388 2034 2.
425 1994 556 2034 Beda.
637 1993 723 2034 The
754 1993 1072 2034 Ecclesiastical
1099 1993 1283 2046 History
1313 1995 1367 2045 of
1396 1993 1515 2033 Beda
1547 2007 1635 2033 was
1678 1994 1850 2033 written
1885 1994 1926 2033 in

267 2074 344 2115 731
373 2079 380 2113 ;
414 2065 455 2103 in
481 2065 514 2104 it
536 2064 611 2103 the
634 2063 793 2103 author
816 2063 894 2103 has
919 2064 1048 2103 made
1072 2077 1129 2102 no
1148 2063 1274 2103 small
1300 2077 1376 2103 use
1399 2063 1450 2102 of
1466 2063 1541 2102 the
1559 2062 1678 2102 work
1702 2063 1752 2102 of
1770 2062 1936 2110 Gildas,

267 2147 405 2186 many
428 2146 636 2186 passages
660 2133 793 2185 being
816 2133 1123 2185 incorporated
1149 2133 1377 2172 verbatim.

340 2221 411 2265 Qui
431 2221 525 2256 inter
543 2221 796 2256 inerrabiliurn
817 2223 997 2256 scelerum
1017 2222 1126 2265 facta,
1154 2233 1250 2266 quae
1277 2220 1476 2255 historicus
1504 2232 1629 2255 eorum
1660 2220 1793 2255 Gildus
1822 2220 1934 2255 flebili

269 2291 440 2314 sermone
458 2279 646 2314 describit.

357 2435 392 2475 3.
428 2424 599 2465 Alcuin.
664 2425 725 2477 (a)
761 2425 913 2465 Letter
946 2431 992 2465 to
1026 2424 1311 2473 Ethelheard,
1348 2424 1631 2476 Archbishop
1674 2423 1724 2463 of
1750 2423 1935 2464 Canter-

270 2493 394 2546 bury,
431 2494 603 2534 written
640 2504 728 2534 AD.
768 2504 861 2545 793.
932 2496 1064 2534 From
1096 2494 1217 2534 fison.
1251 2494 1537 2543 Alcm'niana,
1572 2493 1648 2544 Ep.
1681 2494 1745 2541 28,
1778 2506 1817 2545 p.
1852 2492 1935 2532 206

273 2561 637 2615 (VVattenbach);
679 2563 719 2602 in
754 2562 903 2615 Jaffe's
939 2563 1138 2604 Bz'bliotlz.
1177 2564 1341 2603 Rerum
1380 2563 1519 2603 Germ.
1595 2562 1692 2602 The
1734 2562 1863 2602 letter
1900 2562 1934 2601 is

268 2631 459 2683 printed,
483 2631 588 2680 also,
611 2632 653 2671 in
683 2632 879 2672 Haddan
904 2632 990 2672 and
1015 2633 1195 2681 StubbS,
1221 2632 1428 2681 Conmils,
1452 2632 1508 2680 iii,
1532 2646 1570 2684 p.
1593 2633 1690 2682 476.

355 2700 416 2752 (b)
450 2701 603 2740 Letter
625 2707 670 2740 to
693 2701 768 2741 the
792 2701 955 2754 Clergy
977 2702 1063 2741 and
1089 2701 1256 2741 Nobles
1286 2701 1336 2741 of
1365 2701 1498 2749 Kent,
1532 2700 1702 2740 written
1728 2709 1816 2740 AD.
1840 2710 1933 2751 797.

268 2767 394 2820 Jaffe',
416 2768 494 2820 Ep.
526 2769 593 2817 86,
616 2784 654 2822 p.
681 2780 774 2820 371.
839 2770 962 2818 ΑΙΞΟ,
988 2770 1183 2811 Haddan
1208 2770 1294 2810 and
1321 2770 1501 2818 Stubbs,
1529 2770 1585 2818 iii,
1608 2783 1647 2821 p.
1674 2779 1764 2820 510.

336 2859 387 2901 (ιι)
419 2859 569 2903 Legitur
588 2860 623 2893 in
643 2860 738 2894 libro
758 2861 858 2895 Gildi
882 2863 1103 2896 Brettonum
1124 2860 1403 2906 sapientissimi,
1424 2860 1524 2905 quod
1538 2860 1636 2893 idem
1653 2858 1720 2903 ipsi
1738 2860 1934 2893 Brettones

268 2924 419 2961 propter
449 2917 599 2961 rapinas
634 2925 669 2951 et
707 2918 900 2952 avaritiam
936 2918 1156 2963 principum,
1192 2925 1343 2963 propter
1378 2916 1610 2962 iniquitatem
1647 2923 1681 2949 et
1717 2915 1934 2949 iniustitiam

269 2974 442 3018 iudicum,
475 2982 625 3019 propter
655 2975 839 3009 desidiam
868 2983 903 3009 et
936 2976 1123 3020 pigritiam
1159 2975 1449 3021 praedicationis
1484 2974 1757 3019 episcoporum,
1779 2980 1933 3017 propter

268 3031 448 3066 luxuriam
469 3039 503 3066 et
523 3034 642 3066 malos
662 3045 785 3067 mores
805 3034 931 3077 populi
952 3034 1110 3078 patriam
1131 3033 1383 3078 perdiderunt.

340 3090 388 3132 (b)
418 3089 563 3124 Discite
593 3091 756 3134 Gyldam
787 3091 993 3125 Brittonem
1026 3091 1343 3136 sapientissimum
1372 3098 1407 3125 et
1434 3091 1556 3124 videte
1587 3102 1629 3124 ex
1651 3089 1785 3134 quibus
1813 3089 1934 3123 causis

270 3154 442 3192 parentes
473 3148 684 3182 Brittonum
715 3149 955 3193 perdiderunt
991 3161 1145 3193 regnum
1177 3158 1211 3183 et
1247 3149 1417 3195 patriam,
1451 3156 1486 3182 et
1521 3147 1756 3183 considerate
1791 3154 1934 3183 vosmet

270 3205 370 3251 ipsos
389 3212 424 3239 et
444 3205 479 3239 in
500 3205 606 3240 vobis
626 3217 745 3251 poene
765 3206 899 3242 similia
919 3207 1123 3242 invenietis.
