2214 3556
401 251 495 309 384
1071 245 1118 292 V
1116 247 1187 293 ita
1217 246 1408 293 Gildae..

399 385 581 438 Szgrnate
621 398 704 433 vos,
745 384 885 436 pueri,
925 383 1094 436 signate
1134 397 1206 423 vos
1252 382 1374 435 signo
1415 388 1583 422 sanctae
1623 380 1758 420 crucz‘s
1797 387 1838 420 et
1866 380 2058 432 psalmos

397 466 621 505 Doviticos
641 465 869 504 decantate.
937 463 1169 516 improbus
1192 478 1294 503 vero
1317 463 1504 502 daemon
1530 467 1840 513 consumptam
1865 460 2062 500 extinxit

395 547 627 587 candelam
652 553 695 586 et
718 560 763 585 sc
794 546 833 585 in
861 546 992 584 risum
1028 558 1209 584 movens
1243 558 1319 596 per
1351 556 1555 583 acervum
1581 541 1817 595 lapideum,
1840 541 1913 594 qui
1939 541 2066 580 iuxta

394 634 499 673 erat„
530 640 741 680 proruens
774 633 982 665 terrorem
1018 626 1281 664 immensum
1317 638 1372 664 ex
1407 625 1550 663 sonitu
1586 623 1782 675 lapidum
1817 621 2063 661 concussit:

394 707 555 747 deinde
578 706 783 753 scutulas,
807 719 919 758 quae
943 706 984 744 in
1011 705 1239 745 refectorio
1262 712 1384 744 erant
1409 704 1590 756 positae,
1613 710 1707 743 tota
1730 708 1858 742 nocte
1883 714 2064 741 movens
2103 711 2120 740 5

397 776 530 840 atque
556 800 784 826 removens
809 786 1052 838 inquietam
1077 786 1401 826 habitatoribus
1426 792 1598 824 noctem
1625 784 1828 824 reddidit.
1891 783 2064 822 Vascu-

399 867 489 907 lum
524 881 637 915 vero,
671 867 789 918 quod
825 867 950 905 iuxta
983 872 1075 906 erat
1105 866 1296 918 positum
1332 866 1434 905 vino
1467 864 1695 917 repletum,
1724 863 1829 904 dum
1864 863 2062 903 minister

399 947 666 1000 requisisset,
690 960 876 986 vacuum
911 947 1076 986 invenit
1110 959 1251 998 neque
1284 946 1419 986 ullum
1455 946 1703 997 vestigium,
1726 945 1797 984 ubi
1830 945 1870 984 in
1899 950 2058 984 terram

396 1027 645 1075 defluxerit,
676 1033 896 1078 repertum
934 1033 1009 1066 est.
1090 1026 1217 1065 Felix
1255 1026 1447 1066 abierat:
1491 1027 1562 1079 qui
1597 1039 1694 1065 cum
1731 1025 1920 1064 venisset
1959 1030 2002 1064 et
2039 1037 2063 1063 a

398 1106 604 1146 fratribus
627 1119 741 1158 quae
765 1106 1002 1157 praeterita
1032 1111 1160 1145 nocte
1194 1105 1476 1157 pertulissent
1509 1104 1824 1157 phantasmata
1846 1104 2064 1151 audisset,
2086 1110 2121 1130 ¹0

397 1193 625 1239 acceptam
649 1199 810 1238 aquam
834 1199 933 1225 cum
958 1185 1047 1225 sale
1071 1185 1300 1225 benedixit
1323 1193 1366 1224 et
1391 1185 1432 1224 in
1457 1185 1638 1224 circuitu
1664 1190 1706 1223 et
1730 1183 1846 1223 intus
1865 1182 2066 1234 aspersit,

397 1274 530 1319 atque
553 1266 608 1306 ab
633 1265 706 1305 illo
729 1266 800 1306 die
824 1279 900 1318 per
924 1266 1005 1305 Dei
1030 1266 1218 1318 gratiam
1243 1266 1393 1317 quieta
1415 1265 1632 1304 habitatio
1654 1263 1908 1317 permansit.

487 1346 586 1385 Fuit
619 1352 820 1398 tempore
850 1345 924 1384 illo
958 1345 1069 1385 inter
1102 1346 1266 1398 priores
1297 1345 1425 1385 huius
1458 1345 1566 1385 sacri
1591 1344 1790 1385 coenobii
1822 1342 2065 1383 monachus
2086 1347 2147 1391 43

397 1425 578 1478 quidam
623 1425 801 1465 nomine
837 1425 1148 1477 Gingurianus,
1184 1426 1319 1465 laicus
1357 1425 1550 1478 quidem,
1583 1425 1659 1464 sed
1697 1423 1862 1476 Spiritu
1898 1423 2066 1464 Sancto

396 1506 691 1559 omnibusque
722 1506 956 1546 virtutibus
995 1507 1161 1559 plenus.
1226 1507 1311 1546 Hic
1342 1521 1441 1546 cum
1478 1506 1748 1558 aliquamdiu
1785 1505 2063 1544 innocentem
2087 1512 2122 1541 15

397 1594 439 1627 et
472 1587 717 1640 simplicem
752 1587 888 1627 vitam
922 1601 1057 1640 agens
1092 1588 1132 1626 in
1169 1587 1438 1627 monasterio
1473 1587 1570 1626 Deo
1603 1586 1865 1626 deservisset
1898 1592 1941 1625 et
1973 1585 2066 1624 eius

399 1666 659 1719 patientiam
685 1680 761 1718 per
785 1666 1032 1707 molestiam
1057 1668 1251 1719 corporis
1274 1666 1563 1719 comprobare
1590 1665 1774 1717 aliisque
1802 1666 1843 1704 in
1877 1677 2063 1716 exemp-

399 1748 487 1787 lum
532 1746 766 1786 ostendere
811 1746 1031 1786 Dominus
1074 1746 1351 1795 decrevisset,
1386 1761 1461 1799 per
1505 1746 1718 1799 Spiritum
1763 1745 1978 1786 Sanctum
2026 1745 2063 1785 ei

399 1825 589 1865 revelare
612 1826 820 1877 dignatus
844 1833 909 1865 est
939 1825 1068 1866 finem
1094 1826 1208 1866 vitae
1238 1840 1352 1867 suae.
1415 1827 1551 1866 Venit
1584 1827 1732 1878 itaque
1764 1824 1957 1878 quadam
1992 1826 2063 1865 die

399 1913 502 1946 ante
537 1906 744 1946 abbatem
788 1906 976 1946 Felicem
1013 1913 1145 1959 atque
1182 1921 1359 1947 omnem
1399 1907 1804 1959 congregationem,
1837 1906 2065 1946 humiliter
2084 1915 2121 1934 20

400 1987 674 2027 satisfaciens
708 1993 751 2027 et
783 1993 938 2039 petens
971 1987 1026 2027 ab
1058 1988 1263 2028 omnibus
1296 1989 1377 2028 sibi
1411 1989 1583 2028 veniam
1618 1988 1723 2027 dari.
1788 1986 1906 2026 Dum
1931 1987 2065 2039 igitur

400 2068 441 2107 in
485 2067 667 2107 circuitu
710 2074 938 2119 tamquam
984 2068 1207 2108 innocenti
1249 2076 1291 2108 et
1334 2069 1523 2121 simplici
1567 2069 1659 2108 viro
1706 2067 2065 2119 respondissent:

400 2147 615 2187 Dimittat
641 2147 722 2187 tibi
742 2147 958 2187 Dominus
987 2148 1261 2200 ignorantias
1290 2155 1387 2188 snas
1419 2155 1545 2201 alqne
1577 2148 1630 2188 ab
1663 2147 1859 2187 omnibns
1883 2147 2066 2199 peccatis

399 2227 487 2269 tuis
524 2234 560 2266 te
596 2227 797 2274 absolvas,
831 2227 974 2267 scitote
1006 2241 1114 2280 ergo,
1145 2228 1286 2280 inquit
1321 2228 1403 2276 ille,
1431 2227 1650 2267 carissimi
1671 2228 1851 2278 finires,
1877 2227 1979 2279 quia
2014 2225 2066 2266 ab

400 2305 606 2346 hodierna
661 2306 729 2346 die
783 2320 910 2358 neque
959 2306 1182 2347 ambulare
1238 2308 1351 2347 inter
1390 2321 1462 2346 vos
1518 2321 1647 2359 neque
1694 2320 1863 2346 manere
1909 2312 2065 2358 potero.
2086 2318 2122 2346 25

402 2386 519 2437 Rogo
559 2386 781 2425 caritatem
826 2393 1024 2435 vestram,
1067 2394 1116 2426 nt
1155 2388 1310 2427 vestris
1362 2387 1625 2428 orationibus
1666 2401 1731 2427 me
1771 2386 2068 2427 commendetis

404 2467 495 2506 Deo
528 2473 567 2506 et
598 2467 680 2506 oleo
720 2474 862 2506 sancto
900 2468 1086 2520 ungatis.
1152 2469 1370 2508 Mirantur
1403 2482 1569 2517 omnes,
1592 2467 1722 2521 quod,
1745 2481 1876 2520 quem
1909 2480 2064 2507 sanum

403 2547 622 2596 videbant,
641 2548 745 2599 ungi
765 2561 811 2587 se
829 2555 1013 2600 rogaret.
1062 2548 1139 2588 Ille
1162 2556 1310 2588 autern
1335 2549 1531 2600 rogabat,
1555 2548 1760 2597 instabat,
1786 2554 1832 2587 ut
1854 2546 2066 2600 quamdiu

404 2627 520 2678 loqui
560 2633 731 2678 poterat
770 2635 1016 2679 ungeretur.
1098 2629 1201 2668 Post
1244 2629 1486 2681 capitulum
1530 2635 1677 2668 autem
1721 2627 1881 2668 detulit
1918 2627 2067 2666 omnia

403 2705 607 2745 utensilia
629 2712 762 2757 atque
786 2706 1050 2747 ferramenta
1074 2721 1151 2747 sua
1174 2714 1217 2748 et
1242 2709 1388 2760 posuit
1412 2714 1514 2747 ante
1537 2708 1672 2760 pedes
1696 2707 1870 2746 abbatis
1893 2707 2068 2746 dicens:
2086 2724 2123 2751 30

403 2784 599 2833 Domine,
639 2799 720 2824 ecce
761 2786 1053 2835 obedientiam,
1096 2801 1226 2840 qnam
1271 2788 1382 2827 milli
1418 2802 1592 2827 servare
1624 2787 1909 2839 praecepisti:
1961 2800 2064 2825 com-

404 2865 556 2904 menda
592 2878 684 2904 eam
728 2866 861 2905 alieni
909 2881 959 2906 ι’,ι-
986 2867 1221 2919 frutribus.
1308 2868 1467 2908 Fuerat
1510 2868 1626 2908 enim
1673 2868 1764 2920 ipse
1807 2867 1962 2907 beatus
2005 2866 2068 2905 vir

405 2957 551 2989 custos
584 2950 757 2990 alvearii
793 2952 849 2991 ab
888 2953 1012 2993 initio
1050 2954 1347 2994 conversionis
1383 2968 1498 3003 suae,
1533 2954 1700 2993 habens
1734 2954 1815 2993 sub
1852 2965 1955 2992 cura
1989 2965 2068 2991 sua

406 3035 592 3086 plurima
625 3049 757 3088 apum
786 3051 898 3077 vasa.
966 3039 1139 3079 Deinde
1172 3053 1270 3079 cum
1307 3040 1439 3079 missa
1462 3039 1765 3087 celebraretur,
1789 3045 1887 3091 post
1912 3051 2065 3090 pacem

406 3120 460 3158 ad
504 3126 704 3159 sanctum
752 3123 965 3162 accedens
1009 3123 1146 3164 altare
1189 3125 1549 3164 communionem
1592 3130 1791 3164 sanctam
1835 3122 1889 3162 de
1933 3135 2064 3162 manu
2085 3136 2122 3164 35
2176 3176 2179 3179 y

407 3204 645 3245 sacerdotis
669 3207 836 3259 accepit
859 3220 908 3246 ac
933 3214 1044 3260 post,
1068 3209 1222 3249 ambas
1248 3223 1402 3250 manus
1423 3211 1477 3250 ad
1503 3217 1654 3264 pectus
1678 3209 1914 3255 adducens,
1939 3208 2064 3247 iuxta
