2214 3556
354 277 377 320 3
386 273 411 320 7
421 262 446 306 8
1021 257 1068 304 V
1064 257 1136 304 ita
1165 256 1355 304 Gz'lclae.

341 395 567 448 patienter,
600 395 830 443 carissime,
854 395 934 446 fer
973 393 1195 443 molestias,
1230 393 1478 446 ubicumque
1522 390 1664 440 fueris,
1701 396 1741 430 et
1774 396 1857 430 esto
1892 387 2008 429 nobis

349 464 551 514 obediens,
592 464 702 504 sicut
749 464 794 504 in
837 470 912 503 tna
952 463 1216 516 professione
1258 463 1347 502 Deo
1389 460 1548 501 vovisti
1584 466 1624 500 et
1662 459 1822 511 snsczje
1861 470 2008 498 curam

350 533 517 574 abbatis
568 540 694 586 atque
754 533 1088 582 benedictionem,
1139 539 1188 572 ut
1235 546 1328 572 cnm
1381 531 1496 584 ipsis,
1538 529 1692 583 quibus
1732 535 1769 569 te
1816 535 2011 580 praeesse

351 602 574 651 voluimus,
587 602 814 654 pervenire
837 602 981 641 valeas
1001 601 1063 641 ad
1079 607 1295 641 aeternam
1318 600 1465 640 vitam.
1535 599 1623 640 Sed
1648 611 1747 638 cum
1773 597 1842 636 ille
1866 609 1911 636 se
1933 609 2010 635 ex-

351 678 523 711 cusaret
566 677 609 710 et
652 670 772 710 nullo
816 671 948 710 modo
992 670 1073 709 hoc
1117 670 1257 709 facere
1300 683 1344 708 se
1383 682 1510 721 posse
1547 669 1722 715 diceret,
1755 665 1904 714 abbas,
1937 665 2011 717 qui
2053 677 2069 706 5

350 745 453 786 erat,
480 739 591 779 sicut
627 738 835 787 diximus,
870 739 1116 791 episcopus,
1159 745 1382 790 arreptum
1426 751 1524 778 eum
1560 737 1746 776 invitum
1786 735 1840 775 ad
1875 734 2012 774 altare

351 808 482 848 duxit
534 813 666 860 atque
702 808 756 847 ad
796 807 968 847 abbatis
1021 807 1212 847 officium
1267 807 1487 859 promovit
1530 812 1688 858 quarto
1722 818 1862 844 nonas
1904 803 2011 843 Iulii.

351 877 552 929 Accepta
583 877 731 929 itaque
758 877 883 916 Felix
918 878 1004 916 iam
1043 876 1180 916 abbas
1214 884 1304 916 tam
1340 876 1514 916 abbatis
1557 876 1621 915 sui
1665 888 1797 928 quam
1829 880 2013 914 cunctae

350 946 705 998 congregationis
729 959 833 985 suae
856 946 1164 986 benedictione
1188 947 1428 994 revertitur,
1450 944 1842 985 commendaticias
1866 957 2012 983 secum

350 1015 550 1056 deferens
593 1015 760 1055 litteras
802 1015 1072 1068 principibus
1133 1015 1387 1055 Britanniae
1430 1022 1472 1055 et
1525 1015 1732 1068 episcopo
1764 1013 2013 1054 Venetensi.
2037 1028 2072 1047 10

353 1083 465 1125 Cum
499 1090 645 1124 autem
671 1084 906 1132 dubitaret,
928 1097 1060 1136 quern
1095 1084 1311 1136 potiorem
1336 1084 1479 1123 locum
1515 1084 1569 1123 de
1604 1082 1777 1122 duobus
1802 1088 2014 1122 statueret

352 1153 501 1192 sedem
526 1153 731 1192 abbatiae
755 1152 926 1201 habere,
945 1153 1101 1192 ducem
1123 1152 1337 1193 Alanum1
1355 1153 1700 1205 episcopumque
1717 1144 2013 1191 Venetensem

352 1235 481 1274 super
513 1221 595 1261 hac
632 1235 677 1261 re
711 1221 941 1262 consuluit.
1007 1221 1074 1262 Illi
1110 1223 1364 1262 convocatis
1396 1221 1618 1261 nobilibus
1646 1220 1760 1268 viris,
1797 1219 2016 1272 aliquibus

355 1292 488 1331 etiam
523 1292 742 1344 episcopis
765 1298 1016 1332 statuerunt
1047 1292 1192 1332 locum
1217 1293 1357 1332 sancti
1382 1291 1551 1341 Gildae,
1574 1291 1648 1344 qui
1681 1296 1774 1330 erat
1796 1289 2017 1342 antiquior

351 1367 394 1400 et
418 1367 558 1401 terrae
581 1360 804 1401 fertilitate
828 1360 1035 1401 frumenti
1057 1362 1191 1401 etiam
1215 1368 1258 1402 et
1272 1362 1360 1401 vini
1380 1361 1674 1413 arborumque
1704 1358 2014 1412 pomiferarum
2039 1374 2072 1403 15

352 1430 660 1479 abundantior,
683 1431 955 1471 diversorum
980 1444 1156 1484 quoque
1180 1444 1442 1484 magnorum
1467 1430 1652 1483 piscium
1672 1429 1907 1481 generibus
1926 1428 2014 1467 suis

353 1498 626 1550 temporibus
650 1498 908 1540 affluentior.
1677 1542 1684 1548 ,

441 1567 549 1607 Erat
587 1574 734 1608 autem
774 1569 815 1608 in
847 1569 1003 1609 eodem
1038 1569 1135 1609 loco
1172 1570 1268 1622 ipso
1301 1577 1500 1622 tempore
1534 1569 1715 1622 quidam
1751 1566 1834 1607 Dei
1868 1579 2017 1606 servus
2039 1575 2100 1620 39

353 1634 594 1675 solitariam
612 1636 746 1676 vitam
766 1636 931 1677 ducens
949 1639 1129 1678 nomine
1149 1638 1341 1687 Ehoarn,
1356 1651 1485 1691 super
1507 1651 1638 1690 quem
1656 1642 1784 1676 nocte
1802 1636 2014 1676 irruentes

351 1701 581 1742 latrunculi
599 1715 697 1742 eum
717 1716 774 1742 ex
791 1703 1047 1744 adhaerenti
1067 1704 1276 1745 ecclesiae
1291 1705 1426 1744 domo
1449 1709 1752 1745 extraxerunt.
1818 1701 2011 1756 Quidam
2036 1713 2073 1732 ²0

350 1783 453 1810 vero
485 1784 540 1810 ex
564 1771 669 1823 ipsis
695 1771 953 1824 Leopardus
985 1774 1250 1826 cognomine
1282 1774 1493 1826 arripiens
1516 1773 1701 1813 securim
1728 1785 1857 1824 super
1879 1771 2011 1811 limen

351 1839 560 1879 ecclesiae
584 1840 810 1880 cerebrum
835 1841 948 1880 illius
971 1842 1177 1882 excussit.
1242 1841 1328 1895 Qui
1354 1856 1461 1882 mox
1484 1847 1708 1894 correptus
1731 1855 1756 1880 a
1778 1841 2013 1881 daemonio

352 1909 393 1947 in
444 1914 603 1948 terram
639 1910 799 1949 corruit
838 1916 970 1962 atque
1012 1924 1111 1950 cum
1149 1911 1422 1957 surrexisset,
1455 1910 1679 1951 cultellum
1718 1910 1937 1962 accipiens
1971 1923 2015 1949 se

351 1977 495 2029 ipsum
520 1977 562 2016 in
588 1984 764 2029 pectore
788 1979 1032 2019 vulneravit
1055 1985 1098 2019 et
1121 1980 1202 2019 nisi
1222 1980 1348 2020 citoa
1371 1980 1500 2020 sociis
1523 1980 1610 2020 suis
1626 1979 1778 2020 fuisset
1795 1978 2012 2027 defensus,

351 2052 492 2085 semet
514 2046 657 2098 ipsum
684 2047 984 2088 interfecisset.
1049 2048 1234 2101 Ligatus
1258 2049 1390 2101 igitur
1412 2049 1466 2089 ab
1489 2050 1594 2102 ipsis
1611 2050 1793 2089 domum
1817 2061 2012 2089 reversus
2035 2059 2072 2087 25

351 2121 428 2160 est,
461 2115 537 2154 sed
562 2128 807 2168 numquam
833 2124 987 2168 postea
1010 2130 1187 2158 sensum
1221 2119 1394 2171 recepit.
1458 2118 1664 2159 Vidimus
1698 2131 1889 2171 namque
1911 2131 2010 2158 eum

351 2197 426 2236 per
448 2184 603 2236 viginti
637 2198 777 2225 annos
814 2186 936 2225 nullo
972 2187 1062 2239 tegi
1101 2186 1375 2237 indumento,
1410 2201 1497 2228 non
1522 2188 1682 2236 tunica,
1707 2200 1793 2227 non
1817 2187 2015 2235 camisia,

351 2266 436 2291 non
461 2252 776 2303 calceamento,
801 2256 876 2294 sed
904 2255 1012 2294 miro
1038 2256 1171 2295 modo
1189 2262 1357 2297 aestate
1379 2263 1422 2297 et
1445 2257 1589 2297 hieme
1613 2255 1780 2297 nudum
1805 2255 2015 2297 incedere.

354 2321 469 2361 Huic
513 2322 545 2361 si
580 2324 676 2374 quis
710 2337 788 2375 pro
833 2324 1133 2365 misericordia
1175 2326 1354 2379 aliquod
1389 2326 1698 2367 indumentum
1738 2326 2018 2379 porrexisset,

353 2390 434 2439 ille,
452 2391 486 2429 si
507 2390 617 2431 forte
640 2392 721 2431 sub
745 2392 899 2432 arbore
922 2394 1107 2434 sedisset
1130 2395 1196 2435 vel
1222 2396 1263 2434 in
1287 2395 1484 2448 quolibet
1508 2395 1617 2444 loco,
1640 2409 1725 2434 non
1751 2394 2018 2443 discedebat,
2036 2409 2075 2436 30

352 2459 492 2498 donec
546 2460 689 2512 ipsum
745 2462 1057 2503 indumentum
1090 2464 1272 2503 omnino
1315 2464 1573 2504 discidisset.
1651 2464 1709 2504 Et
1753 2464 1786 2503 si
1833 2462 2014 2516 quidem

354 2527 529 2566 laneum
573 2528 637 2568 vel
685 2529 849 2569 lineum
895 2530 1061 2580 fuisset,
1099 2532 1140 2571 in
1181 2533 1277 2585 ipso
1315 2533 1411 2573 loco
1437 2532 1653 2573 diffilabat
1695 2545 1807 2580 eum,
1842 2532 1876 2571 si
1915 2545 2018 2571 vero

355 2595 600 2646 pelliceum,
643 2604 685 2638 et
720 2599 862 2650 ipsum
917 2600 973 2640 ad
1017 2600 1202 2640 nihilum
1250 2601 1487 2654 redigebat.
1570 2602 1723 2653 Itaque
1761 2607 1803 2641 et
1837 2600 2017 2640 aestatis

358 2665 597 2704 immensos
641 2667 806 2707 calores
851 2675 982 2722 atque
1025 2670 1317 2710 intolerabilia
1358 2671 1515 2710 hiemis
1558 2671 1718 2722 frigora
1750 2670 1861 2709 sicut
1902 2668 2017 2708 dixi-

358 2746 464 2780 mus,
500 2747 576 2785 per
615 2736 775 2775 multos
825 2751 963 2778 annos
1006 2739 1150 2779 nudus
1193 2740 1400 2780 incedens
1436 2740 1556 2780 domi
1595 2739 1796 2792 foresque
1829 2737 2017 2791 pertulit.
2038 2754 2074 2781 35

358 2801 397 2842 O
448 2801 681 2843 ineffabilis
729 2805 890 2846 Christi
929 2807 1188 2848 clementia!
1272 2808 1312 2850 O
1360 2809 1570 2849 bonitatis
1615 2815 1656 2849 et
1695 2807 2018 2848 misericordiae

358 2870 492 2921 ipsius
542 2872 841 2913 immensitas!
918 2875 957 2917 O
1001 2876 1117 2917 beati
1165 2877 1322 2918 Gildae
1365 2878 1557 2930 gloriosa
1601 2877 1769 2924 merita,
1811 2889 1923 2929 quae
1959 2876 2018 2915 sic

358 3050 463 3112 uncle
488 3050 668 3113 Judica'el.
724 3055 793 3088 We
820 3067 881 3090 are
908 3057 985 3091 told
1010 3058 1090 3092 that
1110 3059 1213 3093 there
1241 3059 1270 3094 is
1297 3059 1331 3093 in
1352 3061 1413 3094 the
1432 3059 1578 3105 apsidal
1597 3060 1727 3104 chapel
1747 3059 1788 3092 of
1801 3059 1862 3093 the
1881 3058 2019 3092 church

357 3118 402 3140 an
429 3109 718 3152 inscription—P
740 3120 958 3148 GOSFREDO
983 3123 1044 3148 ΒΜ
1070 3123 1219 3159 ORATE,
1246 3117 1265 3133 “
1280 3118 1375 3162 Pray
1395 3118 1479 3152 God
1498 3117 1553 3151 for
1572 3115 1850 3160 Geoffrey”—-in
1873 3116 2018 3149 Roman

358 3164 569 3200 characters
595 3168 635 3201 of
664 3180 685 3202 a
712 3169 803 3203 form
834 3172 907 3205 and
936 3172 1022 3207 date
1051 3174 1214 3208 anterior
1244 3182 1280 3209 to
1310 3176 1415 3210 those
1437 3176 1571 3210 known
1597 3182 1632 3210 to
1657 3176 1702 3209 be
1729 3174 1770 3208 of
1789 3174 1851 3208 the
1877 3173 2015 3207 twelfth

359 3228 521 3266 century.
