2173 3556
16 1376 62 1411 17')
90 1376 195 1403 Letter
217 1381 248 1403 to

40 1415 164 1451 ‚Xgitius

40 1453 181 1488 (Aetius).

41 1500 112 1521 ΑΛ).
132 1494 196 1529 446.

288 282 350 338 46
788 279 868 325 De
893 279 1105 327 Excidio
1128 280 1445 327 Britanniae.

287 414 504 454 nudorum
528 415 627 464 tela,
661 414 819 468 quibus
855 415 1083 456 miserrimi
1121 416 1237 456 cives
1271 416 1326 456 de
1359 416 1493 456 muris
1526 417 1651 457 tracti
1675 416 1769 457 solo
1791 416 1940 456 allide-

287 483 455 524 bantur.
522 484 619 523 Hoc
638 484 802 524 scilicet
824 485 885 524 eis
907 483 1164 537 proficiebat
1194 485 1456 525 immaturae
1480 486 1632 526 mortis
1664 485 1942 538 supplicium,

286 553 359 604 qui
403 552 477 593 tali
511 553 660 593 funere
707 553 1000 606 rapiebantur,
1042 567 1130 605 quo
1173 553 1354 593 fratrum
1403 554 1726 606 pignorumque
1763 567 1940 594 suorum

287 621 556 661 miserandas
580 622 859 661 imminentes
884 635 1048 674 poenas
1071 623 1158 662 cito
1181 623 1305 662 exitu
1329 623 1599 663 devitabant.

372 690 490 742 Quid
528 690 686 742 plura?
718 690 877 730 relictis
915 691 1167 731 civitatibus
1191 705 1403 743 muroque
1426 692 1543 732 celso
1581 693 1737 732 iterum
1773 691 1941 731 civibus

286 758 425 810 fugae,
462 759 618 798 iterum
657 759 949 812 dispersiones
971 759 1102 800 solito
1138 760 1514 812 desperabiliores,
1551 761 1707 800 iterum
1734 760 1789 800 ab
1816 760 1942 800 hoste

285 828 607 877 insectationes,
655 829 810 868 iterum
850 835 1018 881 strages
1062 829 1360 869 accelerantur
1403 829 1703 878 crudeliores3
1746 835 1790 869 et
1831 829 1942 868 sicut

285 897 386 948 agni
419 910 443 935 a
486 896 746 946 lanionibus,
784 897 843 937 ita
881 897 1070 937 deflendi
1096 897 1212 937 cives
1244 898 1300 937 ab
1332 898 1519 937 inimicis
1552 897 1873 950 discerpuntur,
1896 904 1941 937 ut

284 965 574 1004 commoratio
623 979 772 1005 eorum
828 965 1013 1005 ferarum
1056 966 1370 1005 assimilaretur
1414 966 1665 1016 agrestium.
1731 966 1845 1005 Nam
1899 973 1940 1005 et

285 1033 400 1084 ipsos
434 1040 599 1081 mutuo,
642 1034 870 1086 perexigui
905 1034 1045 1073 victus
1092 1035 1211 1074 brevi
1253 1035 1554 1074 sustentaculo
1596 1035 1937 1075 miserrimorum

283 1099 441 1138 civium
476 1099 789 1143 latrocinando,
812 1100 1147 1152 temperabant:
1185 1106 1228 1139 et
1259 1101 1536 1152 augebantur
1559 1107 1771 1141 externae
1794 1101 1941 1141 clades

283 1166 536 1206 domesticis
561 1167 765 1216 motibus,
799 1169 916 1220 quod
951 1169 1255 1210 huiuscemodi
1293 1176 1384 1210 tam
1423 1170 1584 1210 crebris
1621 1171 1941 1224 direptionibus

283 1243 540 1276 vacuaretur
567 1236 711 1276 omnis
744 1237 863 1289 regio
886 1238 1021 1277 totius
1043 1238 1127 1278 cibi
1151 1238 1321 1288 baculo,
1344 1246 1536 1291 excepto
1558 1240 1812 1280 venatoriae
1835 1241 1940 1281 artis

283 1304 456 1344 solacio.

374 1374 511 1425 Igitur
534 1387 703 1413 rursum
729 1375 912 1414 miserae
928 1375 1154 1415 mittentes
1172 1375 1401 1427 epistolasa
1421 1375 1629 1429 reliquiae
1648 1376 1702 1416 ad
1721 1376 1937 1430 Agitium¹

285 1442 514 1482 Romanae
536 1443 770 1495 potestatis
792 1444 946 1492 virum,
964 1443 1047 1483 hoc
1071 1445 1205 1484 modo
1227 1444 1484 1497 loquentes:
1516 1445 1671 1497 Agitz'o
1700 1453 1765 1486 ter
1779 1447 1945 1486 consuli

39 1532 87 1560 De
125 1532 264 1568 epistoffis
275 1511 463 1563 gemitus
492 1512 809 1552 Britannorum
827 1528 845 1559 ,·
879 1519 923 1552 et
946 1520 1045 1565 post
1068 1527 1209 1566 pauca
1240 1521 1500 1566 querentes:
1534 1515 1739 1567 repellunt
1765 1514 1946 1555 barbari

38 1572 78 1599 ud
95 1571 243 1608 Agitium.

0 2070 58 2108 [189
68 2070 260 2107 'shevictory

23 2118 95 2137 over
118 2109 198 2137 l'icts

22 2149 85 2176 and
102 2149 201 2176 Scots.

23 2188 70 2215 De
86 2187 223 2218 victoria.

281 1580 343 1619 ad
360 1594 487 1629 mare,
514 1581 678 1633 repellit
704 1595 823 1621 mare
848 1582 911 1621 ad
931 1582 1136 1622 barbaros
1148 1597 1166 1630 ‚·
1198 1582 1313 1623 inter
1326 1583 1428 1623 llaec
1452 1584 1536 1623 duo
1562 1597 1721 1635 genera
1724 1585 1939 1636 funerum

281 1655 359 1688 aut
400 1648 656 1701 z'ugulamur
688 1657 767 1690 aut
802 1651 1074 1704 7tzergz'71mr;
1117 1665 1196 1691 nec
1231 1666 1310 1705 pro
1354 1653 1415 1692 eis
1456 1653 1693 1705 quicquam
1732 1654 1937 1694 adiutorii

279 1718 452 1758 habent.
517 1719 688 1759 Interea
726 1719 853 1759 famis
887 1721 981 1760 dira
1018 1734 1067 1760 ac
1102 1720 1396 1761 famosissima
1431 1722 1555 1774 vagis
1587 1736 1637 1762 ac
1669 1722 1939 1762 nutabundis

280 1787 441 1837 haeret,
484 1802 597 1841 quae
640 1789 802 1829 multos
835 1803 985 1830 eorum
1021 1791 1211 1830 cruentis
1262 1791 1478 1843 compulit
1519 1791 1814 1844 praedonibus
1846 1792 1939 1832 sine

279 1856 488 1896 dilatione
512 1858 647 1897 victas
669 1859 773 1898 dare
797 1872 964 1906 manus,
982 1865 1029 1898 ut
1052 1859 1297 1911 pauxillum
1314 1860 1368 1899 ad
1389 1859 1719 1900 refocillandam
1743 1861 1935 1900 animam

279 1926 362 1965 cibi
381 1934 598 1978 caperent,
621 1927 729 1966 alios
767 1941 868 1967 vero
906 1941 1121 1980 nusquam
1144 1944 1151 1967 :
1184 1929 1289 1980 quin
1314 1929 1460 1981 potius
1494 1929 1549 1968 de
1572 1929 1677 1980 ipsis
1701 1929 1938 1977 montibus,

279 1995 496 2047 speluncis
530 2009 579 2035 ac
617 1996 812 2044 saltibus,
849 1996 994 2036 dumis
1027 1997 1241 2036 concertis
1283 1997 1490 2036 continue
1532 1996 1814 2037 rebellabant.
1878 1997 1936 2036 Et

278 2070 371 2103 tum
396 2065 584 2117 primum
616 2065 802 2105 inimicis
836 2080 911 2118 per
935 2066 1097 2106 multos
1120 2080 1259 2106 annos
1292 2067 1477 2118 praedas
1501 2066 1543 2105 in
1567 2072 1681 2106 terra
1703 2066 1936 2118 agentibus

278 2139 443 2185 strages
466 2134 644 2182 dabant,
667 2134 753 2174 nod
779 2134 965 2174 fidentes
989 2135 1029 2174 in
1050 2135 1241 2184 homine,
1263 2136 1338 2175 sed
1364 2136 1405 2174 in
1433 2136 1540 2184 Deo,
1563 2135 1805 2175 secundum
1829 2135 1934 2175 illud

279 2201 472 2241 Philonis
490 2218 497 2242 :
520 2217 676 2243 necesse
696 2210 759 2243 est
777 2204 920 2243 adesse
942 2203 1154 2253 divinum,
1178 2204 1254 2244 nbi
1271 2204 1512 2244 humanum
1533 2211 1666 2243 cessat
1686 2203 1933 2243 auxiliumfl

346 2336 357 2357 ¹
382 2337 550 2381 Agz'lz'us.
597 2337 727 2372 Gildas
747 2350 868 2374 seems
887 2345 925 2373 to
943 2339 1038 2373 have
1056 2339 1133 2372 had
1158 2350 1286 2373 access
1305 2344 1343 2372 to
1372 2349 1394 2372 a
1412 2349 1507 2382 copy
1533 2337 1574 2371 of
1597 2337 1659 2371 the
1677 2337 1798 2371 actual
1830 2337 1937 2371 letter

276 2402 368 2434 sent,
388 2395 452 2429 but
471 2395 587 2429 either
605 2396 651 2430 he
670 2407 711 2429 or
733 2396 795 2430 the
818 2395 966 2430 Britons
985 2396 1095 2430 made
1113 2408 1135 2430 a
1154 2395 1312 2430 mistake
1338 2395 1373 2429 in
1392 2396 1455 2429 the
1476 2395 1645 2429 Consul's
1671 2406 1791 2428 name.
1843 2393 1935 2428 This

276 2451 305 2484 is
324 2454 512 2496 generally
532 2454 714 2497 regarded
733 2466 773 2487 as
802 2453 932 2488 Aetius
950 2466 957 2494 ;
984 2454 1060 2488 and
1079 2465 1182 2487 some
1202 2452 1431 2487 continental
1450 2451 1610 2486 editions
1639 2452 1682 2485 of
1695 2451 1837 2493 Gildas,
1856 2463 1934 2496 ag„

275 2510 336 2543 the
355 2511 450 2544 Bz'bl.
470 2512 564 2545 PP.
586 2511 699 2553 Paris,
725 2512 813 2545 read
832 2511 992 2554 Aetium,
1011 2512 1086 2546 and
1105 2511 1214 2545 Aetio
1239 2512 1337 2545 here.
1389 2510 1518 2544 Aetius
1538 2522 1612 2544 was
1632 2510 1771 2544 Consul
1790 2510 1845 2543 for
1873 2510 1934 2543 the

275 2567 371 2601 third
391 2568 490 2611 time,
519 2570 631 2612 along
662 2569 745 2603 with
768 2571 1026 2613 Symmachus,
1046 2569 1082 2603 in
1111 2578 1188 2603 A.D.
1218 2570 1311 2611 4663
1338 2568 1394 2602 his
1422 2569 1528 2602 other
1556 2567 1791 2611 consulships
1811 2567 1871 2600 fell
1898 2566 1934 2600 in

275 2635 341 2667 432
368 2626 441 2659 and
473 2636 549 2669 437.
603 2628 713 2661 From
741 2638 809 2671 433
829 2635 866 2661 to
892 2637 970 2672 450,
990 2629 1037 2662 he
1056 2627 1246 2661 exercised
1265 2638 1437 2671 supreme
1456 2627 1597 2660 control
1617 2637 1705 2659 over
1722 2625 1784 2659 the
1810 2625 1934 2659 affairs

275 2684 316 2716 os
337 2685 398 2717 tlie
418 2685 589 2719 western
618 2685 781 2730 Eumne,
801 2687 919 2720 under
941 2686 1106 2720 I'lacidia
1132 2686 1207 2720 and
1226 2684 1476 2720 Valentinian.
1528 2685 1609 2717 The
1636 2683 1758 2728 abject
1785 2691 1872 2717 tone
1899 2684 1940 2717 of

277 2742 336 2775 the
356 2743 461 2776 letter
479 2751 515 2777 to
534 2744 609 2777 him
630 2744 658 2777 is
678 2744 713 2777 in
732 2744 893 2789 keeping
914 2744 998 2778 with
1018 2745 1079 2778 the
1098 2744 1206 2778 times
1224 2756 1230 2778 :
1266 2743 1312 2777 its
1331 2742 1437 2776 florid
1458 2741 1624 2785 wording
1642 2741 1671 2774 is
1690 2748 1753 2775 not
1773 2748 1932 2785 strange.

345 2799 357 2819 '2
385 2802 447 2834 Dr.
477 2802 700 2845 Wendhrnd,
727 2803 789 2837 the
823 2803 1005 2836 co-editor
1031 2802 1117 2836 with
1146 2803 1210 2835 Dr.
1241 2801 1406 2845 Leopold
1435 2800 1541 2834 Cohn
1569 2799 1610 2833 of
1639 2800 1701 2833 the
1727 2799 1866 2833 edition
1897 2800 1940 2833 of

276 2858 386 2890 l’lsslo
413 2859 490 2892 that
522 2858 551 2892 is
582 2872 662 2893 now
690 2859 804 2904 being
836 2859 1033 2904 published
1069 2859 1103 2893 in
1138 2858 1273 2901 Berlin,
1306 2857 1458 2902 regards
1487 2857 1549 2890 the
1577 2855 1766 2899 following
1800 2867 1840 2889 as
1871 2857 1933 2890 the

345 3018 359 3033 «Ἰ
380 3011 432 3043 Ac
468 3012 555 3045 wrtli
584 3013 709 3056 liynny
744 3026 764 3056 y
798 3013 902 3047 kafas
937 3013 1133 3055 gwedillon
1170 3024 1191 3055 y
1225 3011 1336 3054 bobyl
1365 3010 1481 3043 (lruan
1513 3020 1560 3053 yn
1586 3020 1630 3042 eu
1661 3008 1806 3052 kyghor
1835 3019 1932 3041 anuo

274 3069 451 3112 llytliyreu
472 3082 512 3103 ar
529 3071 618 3114 liynt
646 3072 708 3114 liyt
736 3083 782 3114 yn
804 3071 947 3105 Ruuein
972 3078 1025 3105 att
1044 3070 1200 3114 Agatius
1227 3081 1249 3112 y
1267 3080 1344 3112 gwr
1369 3068 1439 3102 oed
1454 3066 1712 3109 ainherawdyr
1737 3077 1783 3109 yn
1804 3078 1825 3109 y
1844 3066 1932 3099 mod

276 3127 507 3170 lixi-nnyinztn.
561 3130 578 3143 ‘*
597 3130 787 3172 Kirynuan
806 3142 849 3163 ac
868 3129 1099 3163 ucheneideu
1127 3141 1148 3172 y
1176 3126 1390 3170 llrytanyeit
1418 3137 1464 3169 yn
1492 3137 1536 3159 eu
1563 3125 1708 3168 dangos
1736 3136 1757 3168 y
1775 3123 1932 3167 Agatius

276 3185 529 3228 ainluwzuvdyr
549 3186 721 3219 Rutu-inf
772 3188 825 3221 Ac
846 3199 891 3231 yn
913 3187 1058 3231 inenegi
1080 3187 1171 3219 “bot
1191 3198 1211 3229 y
1225 3197 1305 3218 mor
1324 3196 1369 3228 yn
1391 3196 1434 3218 eu
1450 3183 1588 3227 kymell
1603 3194 1644 3226 yr
1663 3182 1708 3216 tir
1725 3194 1766 3216 ar
1783 3183 1869 3216 dorr
1887 3194 1932 3216 eu

275 3242 457 3284 gelynyon
480 3256 498 3285 y
513 3255 557 3276 eu
579 3244 661 3285 llud,
676 3257 697 3277 a
716 3245 778 3278 bot
797 3257 841 3278 cu
857 3246 1042 3288 gclynyon
1062 3256 1108 3287 yn
1129 3255 1172 3277 cu
1190 3243 1325 3286 kylncll
1346 3253 1387 3285 yr
1402 3253 1481 3275 inor
1500 3253 1520 3284 y
1536 3252 1579 3274 eu
1599 3239 1717 3273 l)odi.''
1762 3241 1815 3273 Ac
1836 3240 1931 3284 uelly

1963 1052 1998 1071 10

1963 1381 2025 1412 20

1956 1737 1996 1758 20

1956 2078 1993 2106 25
