2214 3556
64 664 203 701 Rufinus
216 665 288 693 hist.

102 704 170 731 (ccl.
191 703 230 735 ill,
250 704 287 740 36

102 741 305 779 (zlgynm‘us

103 781 146 809 (ια’
161 783 248 810 Rom.
269 782 307 819 5).

59 2187 146 2215 lt‘sai.
167 2187 225 2220 xiv,
248 2196 290 2216 12.

58 2317 146 2344 limi.
168 2318 226 2349 xiv,
250 2327 291 2354 13·

101 2365 141 2391 14-

358 265 371 294 1
386 247 446 292 88
852 243 930 292 De
956 244 1166 292 Excidio
1190 242 1506 291 Britanniae.

349 384 525 424 leonum
550 384 677 423 molis
702 384 871 423 Romae
904 381 1152 422 confractus
1185 384 1281 420 est?
1354 379 1490 420 Cuius
1529 377 1660 418 verba
1683 390 1782 417 cum
1817 377 1870 416 ad
1909 389 2006 428 pas-

348 453 516 493 sionem
541 454 772 493 duceretur
794 451 1036 497 audientes,
1058 450 1092 488 si
1116 449 1355 501 aliquando
1377 448 1523 488 vultus
1555 446 1685 486 vestri
1718 445 1873 486 rubore
1905 459 2006 485 con-

349 521 430 561 fusi
454 527 567 571 sunt,
592 535 676 561 non
700 521 841 560 solum
867 520 907 559 in
932 517 1264 570 comparatione
1287 517 1378 556 eius
1401 530 1478 555 vos
1507 529 1593 555 non
1624 514 1837 567 putabitis
1866 527 2005 553 sacer-

347 591 486 640 dotes,
519 591 594 630 sed
623 604 676 630 ne
707 590 947 629 mediocres
983 587 1162 640 quidem
1200 585 1474 626 Christianos
1512 597 1616 623 esse.
1697 583 1774 623 Ait
1808 583 1924 622 enim
1963 583 2004 622 in

346 659 543 712 epistola,
561 673 693 711 quam
713 658 767 698 ad
787 659 1034 697 Romanam
1054 655 1283 695 ecclesiam
1303 654 1420 694 misit
1442 669 1449 693 ε
1482 667 1509 693 a
1527 651 1660 704 Syria
1679 665 1806 704 usque
1820 652 2005 690 Romam
2044 666 2061 694 5

343 743 436 768 cum
460 728 603 768 bestiis
624 733 740 767 terra
763 726 956 778 marique
977 725 1165 777 depugno
1186 723 1253 763 die
1282 737 1330 762 ac
1360 729 1471 762 nocte
1501 736 1677 762 conexus
1712 727 1753 760 et
1785 720 2007 772 colligatus

343 798 478 838 decem
500 796 721 848 leopardis,
752 794 963 835 militibus
994 794 1085 833 dico
1113 793 1175 832 ad
1195 792 1430 832 custodiam
1457 791 1583 839 datis,
1613 790 1691 842 qui
1715 803 1763 829 ex
1799 788 2007 841 beneficiis

345 865 501 906 nostris
521 864 730 904 saeviores
740 864 871 916 fiunt.
936 863 1028 903 Sed
1044 876 1114 915 ego
1145 875 1287 901 eorum
1317 860 1522 913 nequitiis
1552 859 1693 912 magis
1720 858 1904 908 erudior,
1937 872 2008 898 nec

344 943 485 975 tamen
509 935 554 975 in
576 934 650 974 lloc
668 933 929 986 iustificatus
948 946 1054 972 suut.
1121 931 1157 972 O
1177 931 1391 970 salutares
1416 929 1583 978 bestias,
1612 941 1718 980 quae
1737 934 2004 980 praeparan-

345 1010 419 1043 tur
438 1003 558 1051 milli,
580 1001 748 1054 quaudo
765 1001 976 1040 venient?
1041 998 1223 1048 Quando
1251 997 1540 1037 emittentur?
1616 995 1798 1046 Quando
1826 994 1886 1034 eis
1900 994 2009 1046 frui
2026 1012 2062 1031 10

343 1071 481 1111 licebit
499 1070 698 1110 carnibus
721 1068 860 1109 meis?
925 1068 1042 1118 Quas
1070 1081 1142 1120 ego
1173 1073 1314 1118 empto
1348 1066 1530 1105 acriores
1554 1064 1717 1117 parari
1744 1071 1783 1103 et
1814 1063 2005 1103 invitabo

342 1141 405 1180 ad
419 1139 730 1180 devorationem
755 1138 839 1178 mei
857 1144 896 1177 et
916 1136 1172 1188 deprecabor,
1195 1136 1382 1186 neforte,
1414 1141 1463 1174 ut
1490 1133 1534 1172 in
1561 1133 1778 1173 nonnullis
1795 1133 2005 1183 jecerunt,

341 1210 523 1249 timeant
542 1208 751 1260 attingere
771 1214 917 1259 corpus
939 1220 1078 1246 meum
1097 1221 1111 1246 .·
1143 1204 1245 1257 quin
1279 1203 1420 1253 immo,
1451 1209 1492 1242 et
1517 1202 1560 1242 si
1584 1201 1902 1251 cunctabuntur,
1933 1216 2005 1254 ego

340 1277 425 1318 vim
435 1277 620 1329 faciam,
643 1290 714 1329 ego
741 1289 804 1315 me
836 1275 1041 1328 ingeram.
1104 1274 1228 1322 Date,
1250 1286 1412 1325 quaeso,
1431 1271 1601 1311 veniam
1617 1286 1635 1318 ,·
1663 1284 1735 1323 ego
1763 1270 1874 1320 novi,
1901 1270 2010 1322 quid

340 1346 534 1398 eapediat
555 1345 692 1386 mihi:
724 1359 837 1384 nunc
857 1343 1009 1396 incipio
1031 1357 1115 1383 esse
1142 1342 1309 1383 Christi
1326 1341 1560 1393 discipulus
1578 1355 1591 1380 .·
1610 1341 1804 1392 fita-essat
1835 1339 2004 1379 invidia
2026 1350 2060 1379 15

341 1416 410 1455 vel
426 1414 613 1454 lllmnani
630 1413 815 1467 affixtm,
848 1413 917 1453 vel
941 1411 1155 1465 nequitiae
1185 1410 1410 1463 spiritalis,
1441 1416 1490 1449 ut
1521 1409 1565 1449 in
1598 1409 1741 1448 Iesum
1783 1407 2003 1449 Christum

341 1484 523 1535 adipisci
543 1496 710 1523 merear
730 1483 858 1534 ignes,
879 1495 1028 1531 cruces,
1060 1480 1227 1529 bestias,
1255 1478 1534 1532 dispersiones
1550 1477 1709 1517 ossium
1732 1476 2002 1528 discerption-

338 1566 458 1604 esque
480 1551 764 1592 membrorum
787 1565 835 1590 ac
865 1550 996 1590 totius
1028 1549 1213 1601 corporis
1235 1555 1397 1600 poenae
1429 1553 1469 1586 et
1503 1546 1649 1586 omnia
1686 1546 1731 1585 in
1767 1559 1830 1585 me
1867 1559 2002 1585 unmn

337 1621 544 1673 supplicia
565 1620 728 1660 diaboli
746 1626 839 1660 arte
859 1619 1051 1672 quaesita
1072 1618 1341 1670 complentur,
1362 1615 1590 1656 dummodo
1611 1614 1754 1654 Iesum
1782 1613 2002 1655 Clzristum

340 1703 508 1729 merear
526 1688 713 1741 adipisci.
2021 1712 2060 1730 20

428 1758 547 1811 Quid
585 1759 638 1797 ad
673 1757 779 1797 haec
814 1755 1156 1796 dormitantibus
1193 1754 1367 1794 animae
1409 1752 1545 1792 oculis
1578 1751 1806 1804 aspicitis?
1881 1750 2001 1804 Quid

340 1827 445 1867 talia
468 1827 608 1867 surdis
632 1839 838 1866 sensuum
863 1825 1040 1865 auribus
1063 1823 1354 1864 auscultatis?
1418 1821 1650 1868 Discutite,
1676 1834 1852 1873 quaeso,
1882 1827 2001 1860 tene-

338 1896 514 1936 brosam
548 1902 778 1947 atramque
816 1893 959 1934 cordis
989 1893 1120 1933 vestri
1158 1892 1391 1944 caliginem
1431 1890 1605 1943 teporis,
1642 1895 1690 1930 ut
1724 1889 1920 1929 veritatis
1959 1895 2001 1928 et

338 1965 600 2005 humilitatis
634 1963 958 2017 praefulgidum
996 1963 1143 2002 lumen
1178 1961 1326 2002 videre
1356 1960 1543 2013 possitis.
1608 1958 1882 1999 Christianus
1912 1971 1999 1997 non

340 2034 599 2082 mediocris,1
622 2034 696 2074 sed
730 2033 960 2086 perfectus,
991 2032 1195 2071 sacerdos
1229 2043 1315 2070 non
1353 2029 1462 2077 vilis,
1494 2029 1569 2068 sed
1600 2041 1811 2075 summus,
1835 2033 2001 2080 martyr
2020 2051 2056 2079 25

339 2116 426 2142 non
450 2103 607 2155 segnis,
631 2102 706 2141 sed
731 2102 992 2154 praecipuus
1027 2100 1159 2140 dicit:
1191 2113 1303 2139 nunc
1330 2097 1482 2150 incipio
1512 2110 1596 2137 esse
1629 2095 1796 2137 Christi
1821 2095 2000 2148 discipu-

339 2173 416 2212 lus.
479 2172 538 2211 Et
561 2185 649 2220 vos,
672 2185 721 2210 ac
745 2171 778 2209 si
805 2170 978 2210 Lucifer
1002 2169 1072 2209 ille
1095 2169 1149 2209 de
1172 2167 1294 2208 caelo
1327 2167 1558 2220 proiectuS,
1573 2166 1728 2215 verbis,
1744 2179 1832 2204 non
1856 2171 2000 2217 potes-

340 2248 430 2281 tate
467 2240 683 2292 erigimini
723 2246 766 2280 et
799 2239 1133 2291 quodammodo
1171 2237 1252 2276 sub
1290 2236 1422 2276 dente
1457 2235 1688 2275 ruminatis
1725 2240 1769 2274 et
1806 2233 2002 2286 gestibus

340 2310 638 2362 praetenditis
661 2323 773 2361 quae
797 2314 926 2348 antea
942 2314 1062 2347 actor
1081 2313 1224 2347 vester
1243 2306 1521 2358 depinxerat,
1538 2303 1583 2343 in
1598 2303 1770 2351 caelum,
1789 2302 2002 2355 inquiens,

339 2378 608 2419 conscendam
631 2384 671 2417 et
709 2391 777 2417 ero
804 2377 964 2417 similis
992 2375 1213 2416 altissimo.
1279 2374 1338 2414 Et
1373 2374 1559 2413 iterum:
1590 2371 1685 2425 Ego
1708 2371 1817 2423 sodi
1845 2377 1885 2410 et
1919 2370 2007 2410 bibi
2021 2390 2058 2418 30

340 2571 401 2604 the
420 2571 477 2604 De
490 2572 586 2604 viris
600 2570 728 2612 illust,
748 2583 778 2603 c.
806 2571 857 2613 16,
875 2582 896 2603 a
914 2569 1019 2604 Latin
1036 2568 1180 2603 version
1196 2568 1237 2602 of
1251 2568 1311 2602 the
1331 2578 1501 2612 passage,
1516 2566 1581 2600 but
1599 2577 1646 2599 an
1665 2564 1819 2608 entirely
1831 2563 2002 2598 different

342 2637 412 2659 one
430 2626 522 2659 from
543 2627 621 2660 that
642 2626 676 2659 in
697 2625 836 2660 (jildas’
855 2625 1060 2670 quotation.
1115 2625 1197 2657 The
1215 2623 1307 2657 facts
1327 2621 1506 2656 recorded
1525 2632 1586 2654 are
1605 2620 1787 2662 naturally
1806 2619 1867 2652 the
1886 2630 1998 2652 same.

414 2684 443 2716 It
464 2682 492 2715 is
512 2684 590 2716 well
613 2690 649 2716 to
674 2682 817 2716 remind
841 2683 1029 2716 ourselves
1055 2682 1133 2715 that
1152 2679 1283 2715 Gildas
1307 2679 1335 2713 is
1360 2677 1588 2722 comparing,
1609 2683 1671 2710 not
1690 2677 1752 2710 the
1773 2675 1999 2718 shnoniacal,

343 2740 510 2774 immoral
530 2741 654 2784 clergy
673 2740 757 2774 with
786 2740 875 2774 such
903 2752 949 2774 an
977 2740 1146 2783 example
1176 2750 1217 2772 as
1248 2736 1424 2781 Ignatins,
1440 2737 1505 2769 but
1524 2735 1630 2769 those
1648 2734 1795 2778 against
1814 2733 1934 2767 whom
1954 2734 2000 2767 he

339 2798 406 2831 has
426 2809 473 2831 no
492 2797 581 2831 wish
601 2806 637 2832 to
657 2798 764 2831 make
783 2809 855 2841 any
875 2798 1012 2841 charge
1032 2797 1068 2830 in
1088 2802 1233 2839 respect
1252 2795 1293 2828 of
1307 2793 1400 2828 their
1418 2792 1488 2826 life.
1540 2792 1663 2825 These
1682 2791 1880 2824 blameless
1898 2802 1999 2833 ones,

339 2856 443 2889 when
476 2856 605 2900 placed
635 2855 713 2889 side
743 2856 790 2899 by
819 2855 897 2889 side
922 2854 1007 2889 with
1036 2855 1098 2888 the
1128 2852 1244 2887 fervid
1273 2851 1506 2885 Antiocheno
1535 2856 1684 2892 martyr,
1704 2855 1841 2882 cannot
1868 2848 2001 2892 regard

339 2914 561 2947 themselves
589 2926 629 2946 as
658 2913 814 2957 priest53
842 2913 967 2957 barely
987 2924 1048 2947 are
1074 2913 1159 2956 they
1185 2909 1402 2951 Christians,
1422 2908 1495 2941 and
1522 2908 1564 2941 of
1589 2919 1635 2941 an
1664 2906 1874 2940 indifferent
1904 2913 1998 2950 type.

341 2971 393 3003 (›f
414 2971 475 3004 the
499 2982 600 3004 same
629 2970 799 3013 scathing
827 2970 996 3014 severity,
1015 2982 1076 3003 are
1100 2970 1162 3003 the
1182 2968 1301 3001 words
1329 2966 1364 3000 in
1391 2965 1509 2999 which
1538 2966 1584 2999 he
1612 2965 1779 2998 declares
1808 2964 1886 2998 that
1914 2964 2001 3007 they

339 3028 440 3071 sleep
460 3028 581 3061 rather
600 3028 687 3061 than
708 3027 875 3070 wortlnly
895 3028 979 3061 take
999 3026 1093 3061 their
1113 3033 1191 3060 seat
1212 3025 1246 3058 in
1267 3025 1328 3058 the
1349 3023 1492 3068 priest’s
1511 3022 1622 3055 chair.

410 3085 594 3119 Eusebius
614 3093 745 3130 quotes
774 3087 834 3119 the
855 3086 972 3119 whole
998 3085 1038 3119 of
1052 3096 1080 3118 c.
1104 3094 1119 3128 5
1148 3084 1182 3117 in
1211 3084 1272 3117 the
1302 3084 1426 3116 Letter
1452 3081 1493 3114 of
1521 3079 1688 3124 Ignatius
1713 3085 1749 3112 to
1772 3078 1833 3112 the
1854 3079 2000 3111 Roman

339 3143 489 3186 cliui-ch,
504 3143 645 3176 written
673 3144 719 3186 by
739 3143 814 3176 him
835 3144 939 3177 when
959 3155 1006 3177 on
1034 3142 1090 3176 his
1110 3154 1199 3185 way,
1219 3152 1259 3175 as
1278 3152 1299 3174 a
1318 3139 1496 3185 prisoner,
1514 3138 1607 3172 from
1627 3136 1788 3170 Antioch
1815 3142 1852 3170 to
1881 3136 2000 3169 Rome

340 3201 413 3233 and
441 3201 678 3244 martyrdom,
696 3201 826 3245 during
849 3202 909 3235 the
930 3201 1032 3245 reign
1053 3201 1092 3234 of
1107 3200 1256 3244 Trajan,
1276 3199 1386 3233 about
1408 3206 1487 3231 ΛΑ).
1512 3206 1672 3230 llo-120.
