<?xml version="1.0" encoding="UTF-8"?>
<!DOCTYPE html PUBLIC "-//W3C//DTD XHTML 1.0 Transitional//EN"
    "http://www.w3.org/TR/xhtml1/DTD/xhtml1-transitional.dtd">
<html xmlns="http://www.w3.org/1999/xhtml" xml:lang="en" lang="en">
 <head>
  <title>
</title>
<meta http-equiv="Content-Type" content="text/html;charset=utf-8" />
  <meta name='ocr-system' content='tesseract 3.04.00' />
  <meta name='ocr-capabilities' content='ocr_page ocr_carea ocr_par ocr_line ocrx_word'/>
</head>
<body>
  <div class='ocr_page' id='page_1' title='image "./gildaedeexcidiob00gilduoft_0431.png"; bbox 0 0 2204 3556; ppageno 0'>
   <div class='ocr_carea' id='block_1_1' title="bbox 522 235 1939 298">
    <p class='ocr_par' dir='ltr' id='par_1_1' title="bbox 522 235 1939 298">
     <span class='ocr_line' id='line_1_1' title="bbox 522 235 1939 298; baseline 0.001 -16"><span class='ocrx_word' id='word_1_1' title='bbox 522 236 813 298; x_wconf 73' lang='lat' dir='ltr'><em>References</em></span> <span class='ocrx_word' id='word_1_2' title='bbox 837 242 884 282; x_wconf 78' lang='lat' dir='ltr'>lo</span> <span class='ocrx_word' id='word_1_3' title='bbox 915 235 1094 282; x_wconf 73' lang='lat' dir='ltr'>Gildas</span> <span class='ocrx_word' id='word_1_4' title='bbox 1125 237 1174 282; x_wconf 69' lang='lat' dir='ltr'>iu</span> <span class='ocrx_word' id='word_1_5' title='bbox 1203 237 1424 284; x_wconf 76' lang='lat' dir='ltr'>Ancz&#39;ent</span> <span class='ocrx_word' id='word_1_6' title='bbox 1458 237 1525 282; x_wconf 84' lang='lat' dir='ltr'><em>W</em></span> <span class='ocrx_word' id='word_1_7' title='bbox 1524 238 1689 285; x_wconf 64' lang='lat' dir='ltr'>rilers.</span> <span class='ocrx_word' id='word_1_8' title='bbox 1842 252 1939 297; x_wconf 86' lang='lat'>419</span> 
     </span>
    </p>
   </div>
   <div class='ocr_carea' id='block_1_2' title="bbox 274 370 1941 494">
    <p class='ocr_par' dir='ltr' id='par_1_2' title="bbox 274 370 1941 494">
     <span class='ocr_line' id='line_1_2' title="bbox 283 370 1941 426; baseline 0.001 -16"><span class='ocrx_word' id='word_1_9' title='bbox 283 370 478 421; x_wconf 80' lang='lat' dir='ltr'>Tez&#39;liavi,</span> <span class='ocrx_word' id='word_1_10' title='bbox 508 386 578 425; x_wconf 87' lang='lat' dir='ltr'>pp.</span> <span class='ocrx_word' id='word_1_11' title='bbox 611 384 678 423; x_wconf 86' lang='lat'>99,</span> <span class='ocrx_word' id='word_1_12' title='bbox 716 384 805 420; x_wconf 89' lang='lat'>100,</span> <span class='ocrx_word' id='word_1_13' title='bbox 828 374 970 413; x_wconf 87' lang='lat' dir='ltr'>which</span> <span class='ocrx_word' id='word_1_14' title='bbox 1004 375 1050 422; x_wconf 91' lang='lat' dir='ltr'>is,</span> <span class='ocrx_word' id='word_1_15' title='bbox 1083 373 1125 411; x_wconf 91' lang='lat' dir='ltr'>in</span> <span class='ocrx_word' id='word_1_16' title='bbox 1157 373 1257 422; x_wconf 86' lang='lat' dir='ltr'>fact,</span> <span class='ocrx_word' id='word_1_17' title='bbox 1289 387 1314 412; x_wconf 93' lang='lat' dir='ltr'>a</span> <span class='ocrx_word' id='word_1_18' title='bbox 1352 374 1538 414; x_wconf 56' lang='lat' dir='ltr'>§ermon</span> <span class='ocrx_word' id='word_1_19' title='bbox 1572 388 1620 413; x_wconf 91' lang='lat' dir='ltr'>or</span> <span class='ocrx_word' id='word_1_20' title='bbox 1649 374 1847 426; x_wconf 77' lang='lat' dir='ltr'><em>Legenda</em></span> <span class='ocrx_word' id='word_1_21' title='bbox 1877 373 1941 413; x_wconf 88' lang='lat' dir='ltr'>for</span> 
     </span>
     <span class='ocr_line' id='line_1_3' title="bbox 274 440 1850 494; baseline 0.001 -14"><span class='ocrx_word' id='word_1_22' title='bbox 274 440 347 480; x_wconf 88' lang='lat' dir='ltr'>the</span> <span class='ocrx_word' id='word_1_23' title='bbox 372 441 533 482; x_wconf 85' lang='lat' dir='ltr'>Saint⁷s</span> <span class='ocrx_word' id='word_1_24' title='bbox 556 442 656 494; x_wconf 87' lang='lat' dir='ltr'>day,</span> <span class='ocrx_word' id='word_1_25' title='bbox 677 455 726 481; x_wconf 87' lang='lat' dir='ltr'>or</span> <span class='ocrx_word' id='word_1_26' title='bbox 747 442 813 481; x_wconf 86' lang='lat' dir='ltr'>his</span> <span class='ocrx_word' id='word_1_27' title='bbox 837 442 1102 490; x_wconf 75' lang='lat' dir='ltr'>natalicium,</span> <span class='ocrx_word' id='word_1_28' title='bbox 1125 441 1187 494; x_wconf 81' lang='lat' dir='ltr'>(b)</span> <span class='ocrx_word' id='word_1_29' title='bbox 1221 441 1260 482; x_wconf 84' lang='lat' dir='ltr'><em>V</em></span> <span class='ocrx_word' id='word_1_30' title='bbox 1260 442 1322 480; x_wconf 77' lang='lat' dir='ltr'>ita</span> <span class='ocrx_word' id='word_1_31' title='bbox 1345 441 1460 481; x_wconf 78' lang='lat' dir='ltr'>beati</span> <span class='ocrx_word' id='word_1_32' title='bbox 1477 441 1668 489; x_wconf 73' lang='lat' dir='ltr'>Oudocel&#39;,</span> <span class='ocrx_word' id='word_1_33' title='bbox 1691 456 1729 494; x_wconf 87' lang='lat' dir='ltr'>p.</span> <span class='ocrx_word' id='word_1_34' title='bbox 1762 444 1850 493; x_wconf 73' lang='lat'>138.</span> 
     </span>
    </p>
   </div>
   <div class='ocr_carea' id='block_1_3' title="bbox 269 531 1942 751">
    <p class='ocr_par' dir='ltr' id='par_1_3' title="bbox 269 531 1942 751">
     <span class='ocr_line' id='line_1_4' title="bbox 341 531 1940 577; baseline 0 -12"><span class='ocrx_word' id='word_1_35' title='bbox 341 531 394 575; x_wconf 76' lang='lat' dir='ltr'>(a)</span> <span class='ocrx_word' id='word_1_36' title='bbox 424 533 466 566; x_wconf 91' lang='lat' dir='ltr'>In</span> <span class='ocrx_word' id='word_1_37' title='bbox 485 531 630 566; x_wconf 88' lang='lat' dir='ltr'>illorum</span> <span class='ocrx_word' id='word_1_38' title='bbox 650 539 773 566; x_wconf 87' lang='lat' dir='ltr'>autem</span> <span class='ocrx_word' id='word_1_39' title='bbox 793 539 1006 567; x_wconf 89' lang='lat' dir='ltr'>sanctorum</span> <span class='ocrx_word' id='word_1_40' title='bbox 1026 531 1158 566; x_wconf 89' lang='lat' dir='ltr'>diebus</span> <span class='ocrx_word' id='word_1_41' title='bbox 1177 531 1330 577; x_wconf 87' lang='lat' dir='ltr'>quidam</span> <span class='ocrx_word' id='word_1_42' title='bbox 1346 531 1471 576; x_wconf 89' lang='lat' dir='ltr'>populi</span> <span class='ocrx_word' id='word_1_43' title='bbox 1492 532 1538 565; x_wconf 82' lang='lat' dir='ltr'>(le</span> <span class='ocrx_word' id='word_1_44' title='bbox 1559 531 1722 576; x_wconf 78' lang='lat' dir='ltr'>Scythia,</span> <span class='ocrx_word' id='word_1_45' title='bbox 1742 532 1803 576; x_wconf 83' lang='lat' dir='ltr'>qui</span> <span class='ocrx_word' id='word_1_46' title='bbox 1823 531 1900 566; x_wconf 81' lang='lat' dir='ltr'>sive</span> <span class='ocrx_word' id='word_1_47' title='bbox 1919 544 1940 566; x_wconf 89' lang='lat' dir='ltr'>a</span> 
     </span>
     <span class='ocr_line' id='line_1_5' title="bbox 270 589 1942 635; baseline 0 -12"><span class='ocrx_word' id='word_1_48' title='bbox 270 589 377 634; x_wconf 83' lang='lat' dir='ltr'>pictis</span> <span class='ocrx_word' id='word_1_49' title='bbox 392 589 558 624; x_wconf 88' lang='lat' dir='ltr'>vestibus</span> <span class='ocrx_word' id='word_1_50' title='bbox 577 589 653 624; x_wconf 88' lang='lat' dir='ltr'>sive</span> <span class='ocrx_word' id='word_1_51' title='bbox 671 597 821 635; x_wconf 85' lang='lat' dir='ltr'>propter</span> <span class='ocrx_word' id='word_1_52' title='bbox 839 591 1029 624; x_wconf 88' lang='lat' dir='ltr'>oculorum</span> <span class='ocrx_word' id='word_1_53' title='bbox 1049 589 1237 634; x_wconf 81' lang='lat' dir='ltr'>stigmata,</span> <span class='ocrx_word' id='word_1_54' title='bbox 1255 589 1347 624; x_wconf 88' lang='lat' dir='ltr'>Picti</span> <span class='ocrx_word' id='word_1_55' title='bbox 1367 589 1598 632; x_wconf 78' lang='lat' dir='ltr'>dicebantur,</span> <span class='ocrx_word' id='word_1_56' title='bbox 1615 589 1809 623; x_wconf 89' lang='lat' dir='ltr'>innumera</span> <span class='ocrx_word' id='word_1_57' title='bbox 1823 590 1942 623; x_wconf 87' lang='lat' dir='ltr'>classe</span> 
     </span>
     <span class='ocr_line' id='line_1_6' title="bbox 269 645 1942 692; baseline -0.001 -11"><span class='ocrx_word' id='word_1_58' title='bbox 269 647 318 681; x_wconf 87' lang='lat' dir='ltr'>ad</span> <span class='ocrx_word' id='word_1_59' title='bbox 339 646 570 681; x_wconf 81' lang='lat' dir='ltr'>Britanniam</span> <span class='ocrx_word' id='word_1_60' title='bbox 589 647 828 682; x_wconf 88' lang='lat' dir='ltr'>devenerunt.</span> <span class='ocrx_word' id='word_1_61' title='bbox 881 649 930 682; x_wconf 86' lang='lat' dir='ltr'>Et</span> <span class='ocrx_word' id='word_1_62' title='bbox 949 647 1047 692; x_wconf 87' lang='lat' dir='ltr'>capti</span> <span class='ocrx_word' id='word_1_63' title='bbox 1066 659 1194 681; x_wconf 88' lang='lat' dir='ltr'>amore</span> <span class='ocrx_word' id='word_1_64' title='bbox 1221 654 1340 680; x_wconf 86' lang='lat' dir='ltr'>terrae</span> <span class='ocrx_word' id='word_1_65' title='bbox 1359 645 1571 690; x_wconf 87' lang='lat' dir='ltr'>potiendae,</span> <span class='ocrx_word' id='word_1_66' title='bbox 1591 653 1742 691; x_wconf 91' lang='lat' dir='ltr'>propter</span> <span class='ocrx_word' id='word_1_67' title='bbox 1758 647 1942 680; x_wconf 88' lang='lat' dir='ltr'>bonarum</span> 
     </span>
     <span class='ocr_line' id='line_1_7' title="bbox 270 703 1942 751; baseline -0.001 -12"><span class='ocrx_word' id='word_1_68' title='bbox 270 717 393 739; x_wconf 89' lang='lat' dir='ltr'>rerum</span> <span class='ocrx_word' id='word_1_69' title='bbox 411 705 569 751; x_wconf 82' lang='lat' dir='ltr'>copiam,</span> <span class='ocrx_word' id='word_1_70' title='bbox 588 717 662 751; x_wconf 87' lang='lat' dir='ltr'>qua</span> <span class='ocrx_word' id='word_1_71' title='bbox 688 717 799 751; x_wconf 89' lang='lat' dir='ltr'>super</span> <span class='ocrx_word' id='word_1_72' title='bbox 824 717 956 740; x_wconf 90' lang='lat' dir='ltr'>omnes</span> <span class='ocrx_word' id='word_1_73' title='bbox 984 705 1123 740; x_wconf 87' lang='lat' dir='ltr'>insulas</span> <span class='ocrx_word' id='word_1_74' title='bbox 1151 712 1237 739; x_wconf 88' lang='lat' dir='ltr'>tunc</span> <span class='ocrx_word' id='word_1_75' title='bbox 1266 703 1445 749; x_wconf 90' lang='lat' dir='ltr'>temporis</span> <span class='ocrx_word' id='word_1_76' title='bbox 1473 705 1650 749; x_wconf 87' lang='lat' dir='ltr'>pollebat,</span> <span class='ocrx_word' id='word_1_77' title='bbox 1670 703 1790 748; x_wconf 82' lang='lat' dir='ltr'>magis</span> <span class='ocrx_word' id='word_1_78' title='bbox 1812 704 1942 738; x_wconf 86' lang='lat' dir='ltr'>fraude</span> 
     </span>
    </p>
   </div>
   <div class='ocr_carea' id='block_1_4' title="bbox 269 762 1943 865">
    <p class='ocr_par' dir='ltr' id='par_1_4' title="bbox 269 762 1943 865">
     <span class='ocr_line' id='line_1_8' title="bbox 269 762 1942 808; baseline 0.001 -11"><span class='ocrx_word' id='word_1_79' title='bbox 269 775 382 808; x_wconf 89' lang='lat' dir='ltr'>quam</span> <span class='ocrx_word' id='word_1_80' title='bbox 400 763 538 797; x_wconf 88' lang='lat' dir='ltr'>viribus</span> <span class='ocrx_word' id='word_1_81' title='bbox 567 763 766 798; x_wconf 82' lang='lat' dir='ltr'>Britannos</span> <span class='ocrx_word' id='word_1_82' title='bbox 796 764 1024 808; x_wconf 82' lang='lat' dir='ltr'>invaserunt,</span> <span class='ocrx_word' id='word_1_83' title='bbox 1055 771 1091 798; x_wconf 93' lang='lat' dir='ltr'>et</span> <span class='ocrx_word' id='word_1_84' title='bbox 1127 763 1162 797; x_wconf 91' lang='lat' dir='ltr'>in</span> <span class='ocrx_word' id='word_1_85' title='bbox 1198 775 1261 797; x_wconf 91' lang='lat' dir='ltr'>eos</span> <span class='ocrx_word' id='word_1_86' title='bbox 1297 762 1430 797; x_wconf 87' lang='lat' dir='ltr'>miram</span> <span class='ocrx_word' id='word_1_87' title='bbox 1462 762 1688 797; x_wconf 78' lang='lat' dir='ltr'>tirannidem</span> <span class='ocrx_word' id='word_1_88' title='bbox 1716 763 1764 796; x_wconf 91' lang='lat' dir='ltr'>ad</span> <span class='ocrx_word' id='word_1_89' title='bbox 1795 770 1942 808; x_wconf 88' lang='lat' dir='ltr'>tempus</span> 
     </span>
     <span class='ocr_line' id='line_1_9' title="bbox 269 819 1943 865; baseline 0.001 -13"><span class='ocrx_word' id='word_1_90' title='bbox 269 826 521 853; x_wconf 88' lang='lat' dir='ltr'>exercuerunt.</span> <span class='ocrx_word' id='word_1_91' title='bbox 574 820 656 853; x_wconf 90' lang='lat' dir='ltr'>Nec</span> <span class='ocrx_word' id='word_1_92' title='bbox 675 819 809 854; x_wconf 90' lang='lat' dir='ltr'>mirum</span> <span class='ocrx_word' id='word_1_93' title='bbox 827 819 938 855; x_wconf 89' lang='lat' dir='ltr'>istam</span> <span class='ocrx_word' id='word_1_94' title='bbox 958 819 1124 865; x_wconf 87' lang='lat' dir='ltr'>superari</span> <span class='ocrx_word' id='word_1_95' title='bbox 1147 820 1194 854; x_wconf 91' lang='lat' dir='ltr'>ab</span> <span class='ocrx_word' id='word_1_96' title='bbox 1219 819 1281 853; x_wconf 88' lang='lat' dir='ltr'>illa</span> <span class='ocrx_word' id='word_1_97' title='bbox 1300 832 1307 860; x_wconf 88' lang='lat'>;</span> <span class='ocrx_word' id='word_1_98' title='bbox 1334 832 1418 854; x_wconf 89' lang='lat' dir='ltr'>nam</span> <span class='ocrx_word' id='word_1_99' title='bbox 1443 820 1546 854; x_wconf 88' lang='lat' dir='ltr'>Picta</span> <span class='ocrx_word' id='word_1_100' title='bbox 1572 831 1665 863; x_wconf 76' lang='lat' dir='ltr'>gens</span> <span class='ocrx_word' id='word_1_101' title='bbox 1685 826 1763 853; x_wconf 84' lang='lat' dir='ltr'>erat</span> <span class='ocrx_word' id='word_1_102' title='bbox 1785 820 1943 854; x_wconf 87' lang='lat' dir='ltr'>subdola</span> 
     </span>
    </p>
   </div>
   <div class='ocr_carea' id='block_1_5' title="bbox 265 876 1942 1092">
    <p class='ocr_par' dir='ltr' id='par_1_5' title="bbox 265 876 1942 1092">
     <span class='ocr_line' id='line_1_10' title="bbox 269 876 1942 922; baseline 0.002 -13"><span class='ocrx_word' id='word_1_103' title='bbox 269 883 305 910; x_wconf 88' lang='lat' dir='ltr'>et</span> <span class='ocrx_word' id='word_1_104' title='bbox 329 876 454 910; x_wconf 88' lang='lat' dir='ltr'>multis</span> <span class='ocrx_word' id='word_1_105' title='bbox 480 876 779 912; x_wconf 88' lang='lat' dir='ltr'>conflictionibus</span> <span class='ocrx_word' id='word_1_106' title='bbox 806 885 904 913; x_wconf 84' lang='lat' dir='ltr'>terra</span> <span class='ocrx_word' id='word_1_107' title='bbox 923 886 959 913; x_wconf 92' lang='lat' dir='ltr'>et</span> <span class='ocrx_word' id='word_1_108' title='bbox 984 878 1076 912; x_wconf 88' lang='lat' dir='ltr'>mari</span> <span class='ocrx_word' id='word_1_109' title='bbox 1107 878 1333 913; x_wconf 81' lang='lat' dir='ltr'>exercitata:</span> <span class='ocrx_word' id='word_1_110' title='bbox 1362 878 1434 913; x_wconf 88' lang='lat' dir='ltr'>ista</span> <span class='ocrx_word' id='word_1_111' title='bbox 1462 885 1586 913; x_wconf 85' lang='lat' dir='ltr'>autem</span> <span class='ocrx_word' id='word_1_112' title='bbox 1607 877 1777 922; x_wconf 84' lang='lat' dir='ltr'>quamvis</span> <span class='ocrx_word' id='word_1_113' title='bbox 1803 877 1942 912; x_wconf 66' lang='lat' dir='ltr'>viribus</span> 
     </span>
     <span class='ocr_line' id='line_1_11' title="bbox 268 932 1942 979; baseline 0 -13"><span class='ocrx_word' id='word_1_114' title='bbox 268 932 433 977; x_wconf 85' lang='lat' dir='ltr'>corporis</span> <span class='ocrx_word' id='word_1_115' title='bbox 464 939 562 967; x_wconf 90' lang='lat' dir='ltr'>esset</span> <span class='ocrx_word' id='word_1_116' title='bbox 590 933 770 977; x_wconf 80' lang='lat' dir='ltr'>praedita,</span> <span class='ocrx_word' id='word_1_117' title='bbox 797 940 924 969; x_wconf 87' lang='lat' dir='ltr'>tamen</span> <span class='ocrx_word' id='word_1_118' title='bbox 955 933 1113 979; x_wconf 90' lang='lat' dir='ltr'>simplex</span> <span class='ocrx_word' id='word_1_119' title='bbox 1139 940 1175 968; x_wconf 88' lang='lat' dir='ltr'>et</span> <span class='ocrx_word' id='word_1_120' title='bbox 1206 933 1386 978; x_wconf 88' lang='lat' dir='ltr'>pacifica;</span> <span class='ocrx_word' id='word_1_121' title='bbox 1413 940 1447 967; x_wconf 92' lang='lat' dir='ltr'>et</span> <span class='ocrx_word' id='word_1_122' title='bbox 1479 932 1566 978; x_wconf 86' lang='lat' dir='ltr'>quia</span> <span class='ocrx_word' id='word_1_123' title='bbox 1596 933 1764 967; x_wconf 88' lang='lat' dir='ltr'>nondum</span> <span class='ocrx_word' id='word_1_124' title='bbox 1794 940 1893 967; x_wconf 87' lang='lat' dir='ltr'>esset</span> <span class='ocrx_word' id='word_1_125' title='bbox 1919 945 1942 967; x_wconf 90' lang='lat' dir='ltr'>a</span> 
     </span>
     <span class='ocr_line' id='line_1_12' title="bbox 265 987 1937 1034; baseline 0.002 -14"><span class='ocrx_word' id='word_1_126' title='bbox 265 999 454 1032; x_wconf 90' lang='lat' dir='ltr'>quoquam</span> <span class='ocrx_word' id='word_1_127' title='bbox 473 987 656 1033; x_wconf 86' lang='lat' dir='ltr'>temptata</span> <span class='ocrx_word' id='word_1_128' title='bbox 673 989 778 1034; x_wconf 81' lang='lat' dir='ltr'>quasi</span> <span class='ocrx_word' id='word_1_129' title='bbox 797 989 963 1025; x_wconf 90' lang='lat' dir='ltr'>bellandi</span> <span class='ocrx_word' id='word_1_130' title='bbox 981 989 1118 1033; x_wconf 87' lang='lat' dir='ltr'>nescia,</span> <span class='ocrx_word' id='word_1_131' title='bbox 1134 989 1250 1024; x_wconf 90' lang='lat' dir='ltr'>levius</span> <span class='ocrx_word' id='word_1_132' title='bbox 1270 988 1460 1034; x_wconf 83' lang='lat' dir='ltr'>subiugari</span> <span class='ocrx_word' id='word_1_133' title='bbox 1480 988 1610 1034; x_wconf 90' lang='lat' dir='ltr'>potuit.</span> <span class='ocrx_word' id='word_1_134' title='bbox 1658 989 1695 1023; x_wconf 78' lang='lat' dir='ltr'>Si</span> <span class='ocrx_word' id='word_1_135' title='bbox 1711 989 1794 1034; x_wconf 90' lang='lat' dir='ltr'>quis</span> <span class='ocrx_word' id='word_1_136' title='bbox 1813 996 1937 1024; x_wconf 89' lang='lat' dir='ltr'>autem</span> 
     </span>
     <span class='ocr_line' id='line_1_13' title="bbox 267 1044 1937 1092; baseline 0.002 -13"><span class='ocrx_word' id='word_1_137' title='bbox 267 1044 412 1090; x_wconf 84' lang='lat' dir='ltr'>plenius</span> <span class='ocrx_word' id='word_1_138' title='bbox 431 1045 525 1080; x_wconf 88' lang='lat' dir='ltr'>scire</span> <span class='ocrx_word' id='word_1_139' title='bbox 543 1046 742 1090; x_wconf 84' lang='lat' dir='ltr'>desiderat,</span> <span class='ocrx_word' id='word_1_140' title='bbox 763 1047 798 1081; x_wconf 93' lang='lat' dir='ltr'>in</span> <span class='ocrx_word' id='word_1_141' title='bbox 817 1047 974 1082; x_wconf 88' lang='lat' dir='ltr'>historia</span> <span class='ocrx_word' id='word_1_142' title='bbox 989 1047 1133 1090; x_wconf 85' lang='lat' dir='ltr'>Gildae‚</span> <span class='ocrx_word' id='word_1_143' title='bbox 1148 1047 1413 1082; x_wconf 82' lang='lat' dir='ltr'>Britannorum</span> <span class='ocrx_word' id='word_1_144' title='bbox 1432 1046 1722 1092; x_wconf 82' lang='lat' dir='ltr'>historiographi</span> <span class='ocrx_word' id='word_1_145' title='bbox 1742 1046 1937 1092; x_wconf 86' lang='lat' dir='ltr'>repperiet.</span> 
     </span>
    </p>
   </div>
   <div class='ocr_carea' id='block_1_6' title="bbox 267 1125 1940 1278">
    <p class='ocr_par' dir='ltr' id='par_1_6' title="bbox 267 1125 1940 1278">
     <span class='ocr_line' id='line_1_14' title="bbox 338 1125 1940 1171; baseline 0.002 -12"><span class='ocrx_word' id='word_1_146' title='bbox 338 1125 387 1168; x_wconf 84' lang='lat' dir='ltr'>(b)</span> <span class='ocrx_word' id='word_1_147' title='bbox 414 1126 515 1160; x_wconf 90' lang='lat' dir='ltr'>Ecce</span> <span class='ocrx_word' id='word_1_148' title='bbox 545 1125 600 1160; x_wconf 89' lang='lat' dir='ltr'>vir</span> <span class='ocrx_word' id='word_1_149' title='bbox 632 1127 752 1160; x_wconf 90' lang='lat' dir='ltr'>bonus</span> <span class='ocrx_word' id='word_1_150' title='bbox 783 1134 819 1161; x_wconf 89' lang='lat' dir='ltr'>et</span> <span class='ocrx_word' id='word_1_151' title='bbox 850 1126 966 1161; x_wconf 88' lang='lat' dir='ltr'>iustus</span> <span class='ocrx_word' id='word_1_152' title='bbox 997 1134 1032 1161; x_wconf 91' lang='lat' dir='ltr'>et</span> <span class='ocrx_word' id='word_1_153' title='bbox 1063 1126 1175 1161; x_wconf 86' lang='lat' dir='ltr'>totius</span> <span class='ocrx_word' id='word_1_154' title='bbox 1208 1126 1415 1161; x_wconf 88' lang='lat' dir='ltr'>Brittannie</span> <span class='ocrx_word' id='word_1_155' title='bbox 1449 1125 1773 1171; x_wconf 87' lang='lat' dir='ltr'>historiographus</span> <span class='ocrx_word' id='word_1_156' title='bbox 1809 1127 1940 1162; x_wconf 88' lang='lat' dir='ltr'>Gildas</span> 
     </span>
     <span class='ocr_line' id='line_1_15' title="bbox 267 1182 1937 1230; baseline 0.003 -14"><span class='ocrx_word' id='word_1_157' title='bbox 267 1182 416 1227; x_wconf 90' lang='lat' dir='ltr'>sapiens</span> <span class='ocrx_word' id='word_1_158' title='bbox 434 1191 473 1218; x_wconf 93' lang='lat' dir='ltr'>ut</span> <span class='ocrx_word' id='word_1_159' title='bbox 492 1183 527 1218; x_wconf 92' lang='lat' dir='ltr'>in</span> <span class='ocrx_word' id='word_1_160' title='bbox 546 1183 709 1219; x_wconf 85' lang='lat' dir='ltr'>historiis</span> <span class='ocrx_word' id='word_1_161' title='bbox 728 1185 952 1229; x_wconf 86' lang='lat' dir='ltr'>nominatur,</span> <span class='ocrx_word' id='word_1_162' title='bbox 970 1184 1031 1230; x_wconf 89' lang='lat' dir='ltr'>qui</span> <span class='ocrx_word' id='word_1_163' title='bbox 1048 1197 1092 1219; x_wconf 93' lang='lat' dir='ltr'>eo</span> <span class='ocrx_word' id='word_1_164' title='bbox 1116 1192 1284 1230; x_wconf 88' lang='lat' dir='ltr'>tempore</span> <span class='ocrx_word' id='word_1_165' title='bbox 1309 1185 1602 1219; x_wconf 87' lang='lat' dir='ltr'>conversabatur</span> <span class='ocrx_word' id='word_1_166' title='bbox 1621 1184 1656 1218; x_wconf 88' lang='lat' dir='ltr'>in</span> <span class='ocrx_word' id='word_1_167' title='bbox 1676 1184 1797 1219; x_wconf 87' lang='lat' dir='ltr'>insula</span> <span class='ocrx_word' id='word_1_168' title='bbox 1816 1186 1937 1221; x_wconf 88' lang='lat' dir='ltr'>Echni</span> 
     </span>
     <span class='ocr_line' id='line_1_16' title="bbox 267 1242 843 1278; baseline 0.003 -2"><span class='ocrx_word' id='word_1_169' title='bbox 267 1242 409 1276; x_wconf 89' lang='lat' dir='ltr'>ducens</span> <span class='ocrx_word' id='word_1_170' title='bbox 428 1242 699 1278; x_wconf 88' lang='lat' dir='ltr'>anchoritalem</span> <span class='ocrx_word' id='word_1_171' title='bbox 718 1243 843 1278; x_wconf 87' lang='lat' dir='ltr'>vitam.</span> 
     </span>
    </p>
   </div>
   <div class='ocr_carea' id='block_1_7' title="bbox 265 1403 1939 1595">
    <p class='ocr_par' dir='ltr' id='par_1_7' title="bbox 265 1403 1939 1595">
     <span class='ocr_line' id='line_1_17' title="bbox 359 1403 1939 1459; baseline -0.001 -14"><span class='ocrx_word' id='word_1_172' title='bbox 359 1417 418 1445; x_wconf 91' lang='lat'>11.</span> <span class='ocrx_word' id='word_1_173' title='bbox 454 1405 659 1446; x_wconf 86' lang='lat' dir='ltr'>Giraldus</span> <span class='ocrx_word' id='word_1_174' title='bbox 707 1406 1003 1456; x_wconf 84' lang='lat' dir='ltr'>Cambrensis,</span> <span class='ocrx_word' id='word_1_175' title='bbox 1048 1406 1112 1459; x_wconf 80' lang='lat' dir='ltr'>(a)</span> <span class='ocrx_word' id='word_1_176' title='bbox 1153 1405 1394 1458; x_wconf 69' lang='lat' dir='ltr'>Descriptio</span> <span class='ocrx_word' id='word_1_177' title='bbox 1449 1403 1697 1453; x_wconf 56' lang='lat' dir='ltr'>Kambriae</span> <span class='ocrx_word' id='word_1_178' title='bbox 1748 1404 1939 1444; x_wconf 87' lang='lat' dir='ltr'>Prefatio</span> 
     </span>
     <span class='ocr_line' id='line_1_18' title="bbox 265 1474 1937 1529; baseline -0.001 -15"><span class='ocrx_word' id='word_1_179' title='bbox 265 1474 418 1527; x_wconf 89' lang='lat' dir='ltr'>prima,</span> <span class='ocrx_word' id='word_1_180' title='bbox 441 1489 479 1527; x_wconf 90' lang='lat' dir='ltr'>p.</span> <span class='ocrx_word' id='word_1_181' title='bbox 509 1477 613 1526; x_wconf 84' lang='lat'>158;</span> <span class='ocrx_word' id='word_1_182' title='bbox 646 1475 707 1529; x_wconf 78' lang='lat' dir='ltr'>(b)</span> <span class='ocrx_word' id='word_1_183' title='bbox 739 1475 852 1523; x_wconf 69' lang='lat' dir='ltr'><em>ibid„</em></span> <span class='ocrx_word' id='word_1_184' title='bbox 884 1476 924 1526; x_wconf 85' lang='lat' dir='ltr'>ii,</span> <span class='ocrx_word' id='word_1_185' title='bbox 956 1490 1030 1529; x_wconf 91' lang='lat' dir='ltr'>pp.</span> <span class='ocrx_word' id='word_1_186' title='bbox 1055 1486 1149 1526; x_wconf 86' lang='lat'>207,</span> <span class='ocrx_word' id='word_1_187' title='bbox 1183 1476 1276 1515; x_wconf 85' lang='lat'>208.</span> <span class='ocrx_word' id='word_1_188' title='bbox 1339 1474 1449 1514; x_wconf 89' lang='lat' dir='ltr'>This</span> <span class='ocrx_word' id='word_1_189' title='bbox 1490 1474 1611 1514; x_wconf 84' lang='lat' dir='ltr'>work</span> <span class='ocrx_word' id='word_1_190' title='bbox 1647 1488 1735 1514; x_wconf 87' lang='lat' dir='ltr'>was</span> <span class='ocrx_word' id='word_1_191' title='bbox 1765 1475 1937 1514; x_wconf 87' lang='lat' dir='ltr'>written</span> 
     </span>
     <span class='ocr_line' id='line_1_19' title="bbox 266 1554 500 1595; baseline 0.004 -11"><span class='ocrx_word' id='word_1_192' title='bbox 266 1554 356 1586; x_wconf 92' lang='lat' dir='ltr'>A.D.</span> <span class='ocrx_word' id='word_1_193' title='bbox 380 1556 395 1584; x_wconf 90' lang='lat'>1</span> <span class='ocrx_word' id='word_1_194' title='bbox 410 1556 500 1595; x_wconf 84' lang='lat'>194.</span> 
     </span>
    </p>
   </div>
   <div class='ocr_carea' id='block_1_8' title="bbox 263 1634 1938 2031">
    <p class='ocr_par' dir='ltr' id='par_1_8' title="bbox 263 1634 1938 2031">
     <span class='ocr_line' id='line_1_20' title="bbox 334 1634 1937 1681; baseline -0.001 -12"><span class='ocrx_word' id='word_1_195' title='bbox 334 1635 387 1678; x_wconf 78' lang='lat' dir='ltr'>(a)</span> <span class='ocrx_word' id='word_1_196' title='bbox 416 1636 509 1670; x_wconf 89' lang='lat' dir='ltr'>Prae</span> <span class='ocrx_word' id='word_1_197' title='bbox 542 1635 623 1670; x_wconf 89' lang='lat' dir='ltr'>aliis</span> <span class='ocrx_word' id='word_1_198' title='bbox 660 1636 876 1671; x_wconf 89' lang='lat' dir='ltr'>Britanniae</span> <span class='ocrx_word' id='word_1_199' title='bbox 904 1636 1147 1681; x_wconf 88' lang='lat' dir='ltr'>scriptoribus</span> <span class='ocrx_word' id='word_1_200' title='bbox 1177 1636 1278 1670; x_wconf 91' lang='lat' dir='ltr'>solus</span> <span class='ocrx_word' id='word_1_201' title='bbox 1311 1634 1400 1669; x_wconf 92' lang='lat' dir='ltr'>mihi</span> <span class='ocrx_word' id='word_1_202' title='bbox 1432 1634 1574 1677; x_wconf 90' lang='lat' dir='ltr'>Gildas,</span> <span class='ocrx_word' id='word_1_203' title='bbox 1594 1634 1741 1680; x_wconf 86' lang='lat' dir='ltr'>quoties</span> <span class='ocrx_word' id='word_1_204' title='bbox 1776 1634 1937 1668; x_wconf 88' lang='lat' dir='ltr'>eundem</span> 
     </span>
     <span class='ocr_line' id='line_1_21' title="bbox 263 1691 1938 1737; baseline -0.001 -11"><span class='ocrx_word' id='word_1_205' title='bbox 263 1692 443 1727; x_wconf 86' lang='lat' dir='ltr'>materiae</span> <span class='ocrx_word' id='word_1_206' title='bbox 477 1705 606 1727; x_wconf 88' lang='lat' dir='ltr'>cursus</span> <span class='ocrx_word' id='word_1_207' title='bbox 636 1693 822 1737; x_wconf 81' lang='lat' dir='ltr'>obtulerit⁷</span> <span class='ocrx_word' id='word_1_208' title='bbox 851 1693 1041 1728; x_wconf 87' lang='lat' dir='ltr'>imitabilis</span> <span class='ocrx_word' id='word_1_209' title='bbox 1072 1705 1155 1727; x_wconf 89' lang='lat' dir='ltr'>esse</span> <span class='ocrx_word' id='word_1_210' title='bbox 1189 1692 1344 1735; x_wconf 83' lang='lat' dir='ltr'>videtur,</span> <span class='ocrx_word' id='word_1_211' title='bbox 1377 1692 1437 1737; x_wconf 91' lang='lat' dir='ltr'>qui</span> <span class='ocrx_word' id='word_1_212' title='bbox 1468 1704 1513 1726; x_wconf 91' lang='lat' dir='ltr'>ea</span> <span class='ocrx_word' id='word_1_213' title='bbox 1546 1704 1641 1737; x_wconf 88' lang='lat' dir='ltr'>quae</span> <span class='ocrx_word' id='word_1_214' title='bbox 1672 1691 1763 1726; x_wconf 86' lang='lat' dir='ltr'>vidit</span> <span class='ocrx_word' id='word_1_215' title='bbox 1791 1699 1827 1725; x_wconf 89' lang='lat' dir='ltr'>et</span> <span class='ocrx_word' id='word_1_216' title='bbox 1859 1691 1938 1736; x_wconf 90' lang='lat' dir='ltr'>ipse</span> 
     </span>
     <span class='ocr_line' id='line_1_22' title="bbox 263 1749 1937 1796; baseline -0.001 -11"><span class='ocrx_word' id='word_1_217' title='bbox 263 1750 440 1795; x_wconf 87' lang='lat' dir='ltr'>cognovit</span> <span class='ocrx_word' id='word_1_218' title='bbox 458 1751 596 1795; x_wconf 86' lang='lat' dir='ltr'>scripto</span> <span class='ocrx_word' id='word_1_219' title='bbox 616 1752 887 1786; x_wconf 88' lang='lat' dir='ltr'>commendans</span> <span class='ocrx_word' id='word_1_220' title='bbox 914 1751 1177 1796; x_wconf 87' lang='lat' dir='ltr'>excidiumque</span> <span class='ocrx_word' id='word_1_221' title='bbox 1201 1750 1325 1795; x_wconf 84' lang='lat' dir='ltr'>gentis</span> <span class='ocrx_word' id='word_1_222' title='bbox 1354 1762 1443 1784; x_wconf 90' lang='lat' dir='ltr'>suae</span> <span class='ocrx_word' id='word_1_223' title='bbox 1462 1750 1663 1795; x_wconf 89' lang='lat' dir='ltr'>deplorans</span> <span class='ocrx_word' id='word_1_224' title='bbox 1682 1749 1805 1795; x_wconf 90' lang='lat' dir='ltr'>potius</span> <span class='ocrx_word' id='word_1_225' title='bbox 1825 1761 1937 1795; x_wconf 89' lang='lat' dir='ltr'>quam</span> 
     </span>
     <span class='ocr_line' id='line_1_23' title="bbox 264 1808 1938 1856; baseline -0.001 -13"><span class='ocrx_word' id='word_1_226' title='bbox 264 1809 481 1844; x_wconf 88' lang='lat' dir='ltr'>describens</span> <span class='ocrx_word' id='word_1_227' title='bbox 516 1822 641 1845; x_wconf 86' lang='lat' dir='ltr'>veram</span> <span class='ocrx_word' id='word_1_228' title='bbox 684 1810 806 1856; x_wconf 89' lang='lat' dir='ltr'>magis</span> <span class='ocrx_word' id='word_1_229' title='bbox 846 1810 1041 1845; x_wconf 87' lang='lat' dir='ltr'>historiam</span> <span class='ocrx_word' id='word_1_230' title='bbox 1077 1809 1192 1844; x_wconf 86' lang='lat' dir='ltr'>texuit</span> <span class='ocrx_word' id='word_1_231' title='bbox 1222 1821 1335 1854; x_wconf 87' lang='lat' dir='ltr'>quam</span> <span class='ocrx_word' id='word_1_232' title='bbox 1366 1816 1547 1843; x_wconf 88' lang='lat' dir='ltr'>ornatam.</span> <span class='ocrx_word' id='word_1_233' title='bbox 1627 1808 1777 1843; x_wconf 88' lang='lat' dir='ltr'>Gildam</span> <span class='ocrx_word' id='word_1_234' title='bbox 1813 1808 1938 1853; x_wconf 86' lang='lat' dir='ltr'>itaque</span> 
     </span>
     <span class='ocr_line' id='line_1_24' title="bbox 265 1867 1938 1914; baseline -0.001 -12"><span class='ocrx_word' id='word_1_235' title='bbox 265 1868 440 1903; x_wconf 87' lang='lat' dir='ltr'>Giraldus</span> <span class='ocrx_word' id='word_1_236' title='bbox 467 1868 644 1914; x_wconf 87' lang='lat' dir='ltr'>sequitur.</span> <span class='ocrx_word' id='word_1_237' title='bbox 697 1870 818 1912; x_wconf 88' lang='lat' dir='ltr'>Quem</span> <span class='ocrx_word' id='word_1_238' title='bbox 846 1869 989 1903; x_wconf 89' lang='lat' dir='ltr'>utinam</span> <span class='ocrx_word' id='word_1_239' title='bbox 1016 1868 1182 1903; x_wconf 91' lang='lat' dir='ltr'>moribus</span> <span class='ocrx_word' id='word_1_240' title='bbox 1209 1875 1244 1903; x_wconf 93' lang='lat' dir='ltr'>et</span> <span class='ocrx_word' id='word_1_241' title='bbox 1271 1867 1346 1902; x_wconf 84' lang='lat' dir='ltr'>vita</span> <span class='ocrx_word' id='word_1_242' title='bbox 1373 1879 1412 1902; x_wconf 91' lang='lat' dir='ltr'>se</span> <span class='ocrx_word' id='word_1_243' title='bbox 1439 1867 1499 1912; x_wconf 90' lang='lat' dir='ltr'>qui</span> <span class='ocrx_word' id='word_1_244' title='bbox 1528 1874 1680 1912; x_wconf 88' lang='lat' dir='ltr'>posset;</span> <span class='ocrx_word' id='word_1_245' title='bbox 1710 1895 1717 1901; x_wconf 96' lang='lat'>.</span> <span class='ocrx_word' id='word_1_246' title='bbox 1746 1893 1754 1901; x_wconf 90' lang='lat'>.</span> <span class='ocrx_word' id='word_1_247' title='bbox 1784 1894 1791 1901; x_wconf 93' lang='lat'>.</span> <span class='ocrx_word' id='word_1_248' title='bbox 1819 1867 1938 1901; x_wconf 80' lang='lat' dir='ltr'>sactus</span> 
     </span>
     <span class='ocr_line' id='line_1_25' title="bbox 263 1926 1937 1973; baseline -0.001 -12"><span class='ocrx_word' id='word_1_249' title='bbox 263 1927 431 1962; x_wconf 89' lang='lat' dir='ltr'>eiusdem</span> <span class='ocrx_word' id='word_1_250' title='bbox 450 1928 533 1972; x_wconf 91' lang='lat' dir='ltr'>plus</span> <span class='ocrx_word' id='word_1_251' title='bbox 560 1927 744 1973; x_wconf 86' lang='lat' dir='ltr'>sapientia</span> <span class='ocrx_word' id='word_1_252' title='bbox 771 1939 883 1973; x_wconf 89' lang='lat' dir='ltr'>quam</span> <span class='ocrx_word' id='word_1_253' title='bbox 903 1927 1117 1972; x_wconf 89' lang='lat' dir='ltr'>eloquentia</span> <span class='ocrx_word' id='word_1_254' title='bbox 1143 1954 1151 1961; x_wconf 91' lang='lat'>.</span> <span class='ocrx_word' id='word_1_255' title='bbox 1179 1954 1186 1961; x_wconf 93' lang='lat'>.</span> <span class='ocrx_word' id='word_1_256' title='bbox 1214 1954 1221 1961; x_wconf 92' lang='lat'>.</span> <span class='ocrx_word' id='word_1_257' title='bbox 1250 1953 1258 1961; x_wconf 92' lang='lat'>.</span> <span class='ocrx_word' id='word_1_258' title='bbox 1288 1927 1370 1971; x_wconf 91' lang='lat' dir='ltr'>plus</span> <span class='ocrx_word' id='word_1_259' title='bbox 1396 1926 1523 1960; x_wconf 88' lang='lat' dir='ltr'>animo</span> <span class='ocrx_word' id='word_1_260' title='bbox 1541 1937 1653 1971; x_wconf 88' lang='lat' dir='ltr'>quam</span> <span class='ocrx_word' id='word_1_261' title='bbox 1680 1926 1836 1969; x_wconf 88' lang='lat' dir='ltr'>calamo,</span> <span class='ocrx_word' id='word_1_262' title='bbox 1855 1926 1937 1971; x_wconf 89' lang='lat' dir='ltr'>plus</span> 
     </span>
     <span class='ocr_line' id='line_1_26' title="bbox 263 1985 1251 2031; baseline -0.001 -11"><span class='ocrx_word' id='word_1_263' title='bbox 263 1987 339 2020; x_wconf 91' lang='lat' dir='ltr'>zelo</span> <span class='ocrx_word' id='word_1_264' title='bbox 358 1998 470 2031; x_wconf 88' lang='lat' dir='ltr'>quam</span> <span class='ocrx_word' id='word_1_265' title='bbox 491 1986 585 2029; x_wconf 81' lang='lat' dir='ltr'>stilo,</span> <span class='ocrx_word' id='word_1_266' title='bbox 606 1987 687 2030; x_wconf 91' lang='lat' dir='ltr'>plus</span> <span class='ocrx_word' id='word_1_267' title='bbox 707 1986 782 2020; x_wconf 88' lang='lat' dir='ltr'>vita</span> <span class='ocrx_word' id='word_1_268' title='bbox 800 1998 913 2031; x_wconf 87' lang='lat' dir='ltr'>quam</span> <span class='ocrx_word' id='word_1_269' title='bbox 932 1985 1054 2020; x_wconf 86' lang='lat' dir='ltr'>verbis</span> <span class='ocrx_word' id='word_1_270' title='bbox 1074 1985 1251 2020; x_wconf 87' lang='lat' dir='ltr'>imitator.</span> 
     </span>
    </p>
   </div>
   <div class='ocr_carea' id='block_1_9' title="bbox 261 2064 1937 2402">
    <p class='ocr_par' dir='ltr' id='par_1_9' title="bbox 261 2064 1937 2402">
     <span class='ocr_line' id='line_1_27' title="bbox 334 2064 1937 2109; baseline -0.001 -9"><span class='ocrx_word' id='word_1_271' title='bbox 334 2066 382 2109; x_wconf 75' lang='lat' dir='ltr'>(b)</span> <span class='ocrx_word' id='word_1_272' title='bbox 411 2067 523 2109; x_wconf 89' lang='lat' dir='ltr'>Quod</span> <span class='ocrx_word' id='word_1_273' title='bbox 541 2074 576 2100; x_wconf 91' lang='lat' dir='ltr'>et</span> <span class='ocrx_word' id='word_1_274' title='bbox 596 2066 727 2100; x_wconf 89' lang='lat' dir='ltr'>Gildas</span> <span class='ocrx_word' id='word_1_275' title='bbox 746 2066 833 2100; x_wconf 89' lang='lat' dir='ltr'>olim</span> <span class='ocrx_word' id='word_1_276' title='bbox 862 2066 898 2100; x_wconf 89' lang='lat' dir='ltr'>in</span> <span class='ocrx_word' id='word_1_277' title='bbox 923 2066 1017 2100; x_wconf 90' lang='lat' dir='ltr'>libro</span> <span class='ocrx_word' id='word_1_278' title='bbox 1044 2067 1101 2100; x_wconf 85' lang='lat' dir='ltr'>De</span> <span class='ocrx_word' id='word_1_279' title='bbox 1124 2066 1266 2099; x_wconf 67' lang='lat' dir='ltr'>excidio</span> <span class='ocrx_word' id='word_1_280' title='bbox 1292 2066 1493 2099; x_wconf 72' lang='lat' dir='ltr'>Britonum</span> <span class='ocrx_word' id='word_1_281' title='bbox 1522 2076 1625 2099; x_wconf 89' lang='lat' dir='ltr'>more</span> <span class='ocrx_word' id='word_1_282' title='bbox 1653 2064 1830 2099; x_wconf 89' lang='lat' dir='ltr'>historico</span> <span class='ocrx_word' id='word_1_283' title='bbox 1848 2076 1937 2099; x_wconf 87' lang='lat' dir='ltr'>suae</span> 
     </span>
     <span class='ocr_line' id='line_1_28' title="bbox 263 2122 1935 2170; baseline -0.002 -11"><span class='ocrx_word' id='word_1_284' title='bbox 263 2125 386 2170; x_wconf 89' lang='lat' dir='ltr'>gentis</span> <span class='ocrx_word' id='word_1_285' title='bbox 404 2124 493 2159; x_wconf 87' lang='lat' dir='ltr'>vitia</span> <span class='ocrx_word' id='word_1_286' title='bbox 512 2123 678 2159; x_wconf 85' lang='lat' dir='ltr'>veritatis</span> <span class='ocrx_word' id='word_1_287' title='bbox 697 2136 825 2159; x_wconf 87' lang='lat' dir='ltr'>amore</span> <span class='ocrx_word' id='word_1_288' title='bbox 843 2136 918 2158; x_wconf 91' lang='lat' dir='ltr'>non</span> <span class='ocrx_word' id='word_1_289' title='bbox 938 2123 1175 2169; x_wconf 89' lang='lat' dir='ltr'>supprimens</span> <span class='ocrx_word' id='word_1_290' title='bbox 1194 2122 1251 2156; x_wconf 89' lang='lat' dir='ltr'>his</span> <span class='ocrx_word' id='word_1_291' title='bbox 1270 2122 1393 2157; x_wconf 88' lang='lat' dir='ltr'>verbis</span> <span class='ocrx_word' id='word_1_292' title='bbox 1412 2122 1615 2157; x_wconf 85' lang='lat' dir='ltr'>declaravit</span> <span class='ocrx_word' id='word_1_293' title='bbox 1634 2135 1640 2157; x_wconf 91' lang='lat'>:</span> <span class='ocrx_word' id='word_1_294' title='bbox 1670 2123 1753 2156; x_wconf 92' lang='lat' dir='ltr'>Nec</span> <span class='ocrx_word' id='word_1_295' title='bbox 1776 2122 1812 2156; x_wconf 90' lang='lat' dir='ltr'>in</span> <span class='ocrx_word' id='word_1_296' title='bbox 1837 2123 1935 2156; x_wconf 90' lang='lat' dir='ltr'>bello</span> 
     </span>
     <span class='ocr_line' id='line_1_29' title="bbox 262 2180 1933 2228; baseline -0.002 -11"><span class='ocrx_word' id='word_1_297' title='bbox 262 2184 376 2217; x_wconf 90' lang='lat' dir='ltr'>sortes</span> <span class='ocrx_word' id='word_1_298' title='bbox 401 2194 470 2217; x_wconf 90' lang='lat' dir='ltr'>nec</span> <span class='ocrx_word' id='word_1_299' title='bbox 496 2182 532 2217; x_wconf 90' lang='lat' dir='ltr'>in</span> <span class='ocrx_word' id='word_1_300' title='bbox 560 2195 651 2228; x_wconf 91' lang='lat' dir='ltr'>pace</span> <span class='ocrx_word' id='word_1_301' title='bbox 675 2183 830 2218; x_wconf 84' lang='lat' dir='ltr'>fideles!</span> <span class='ocrx_word' id='word_1_302' title='bbox 858 2210 865 2217; x_wconf 93' lang='lat'>.</span> <span class='ocrx_word' id='word_1_303' title='bbox 895 2209 902 2217; x_wconf 92' lang='lat'>.</span> <span class='ocrx_word' id='word_1_304' title='bbox 933 2210 940 2216; x_wconf 95' lang='lat'>.</span> <span class='ocrx_word' id='word_1_305' title='bbox 969 2209 976 2216; x_wconf 92' lang='lat'>.</span> <span class='ocrx_word' id='word_1_306' title='bbox 1031 2183 1081 2216; x_wconf 87' lang='lat' dir='ltr'>Et</span> <span class='ocrx_word' id='word_1_307' title='bbox 1111 2182 1212 2226; x_wconf 88' lang='lat' dir='ltr'>quod</span> <span class='ocrx_word' id='word_1_308' title='bbox 1240 2181 1395 2215; x_wconf 89' lang='lat' dir='ltr'>istorum</span> <span class='ocrx_word' id='word_1_309' title='bbox 1416 2180 1574 2215; x_wconf 85' lang='lat' dir='ltr'>validius</span> <span class='ocrx_word' id='word_1_310' title='bbox 1603 2180 1775 2225; x_wconf 81' lang='lat' dir='ltr'>ignaviae</span> <span class='ocrx_word' id='word_1_311' title='bbox 1806 2192 1933 2215; x_wconf 87' lang='lat' dir='ltr'>eorum</span> 
     </span>
     <span class='ocr_line' id='line_1_30' title="bbox 261 2238 1934 2286; baseline -0.002 -11"><span class='ocrx_word' id='word_1_312' title='bbox 261 2248 522 2285; x_wconf 82' lang='lat' dir='ltr'>argumentum</span> <span class='ocrx_word' id='word_1_313' title='bbox 542 2248 609 2285; x_wconf 84' lang='lat' dir='ltr'>est,</span> <span class='ocrx_word' id='word_1_314' title='bbox 628 2242 729 2286; x_wconf 89' lang='lat' dir='ltr'>quod</span> <span class='ocrx_word' id='word_1_315' title='bbox 745 2241 887 2284; x_wconf 86' lang='lat' dir='ltr'>Gildas,</span> <span class='ocrx_word' id='word_1_316' title='bbox 906 2240 967 2285; x_wconf 87' lang='lat' dir='ltr'>qui</span> <span class='ocrx_word' id='word_1_317' title='bbox 987 2239 1041 2274; x_wconf 88' lang='lat' dir='ltr'>vir</span> <span class='ocrx_word' id='word_1_318' title='bbox 1059 2247 1210 2274; x_wconf 81' lang='lat' dir='ltr'>sanctus</span> <span class='ocrx_word' id='word_1_319' title='bbox 1229 2246 1308 2274; x_wconf 89' lang='lat' dir='ltr'>erat</span> <span class='ocrx_word' id='word_1_320' title='bbox 1326 2246 1361 2274; x_wconf 92' lang='lat' dir='ltr'>et</span> <span class='ocrx_word' id='word_1_321' title='bbox 1380 2239 1427 2273; x_wconf 89' lang='lat' dir='ltr'>de</span> <span class='ocrx_word' id='word_1_322' title='bbox 1444 2246 1556 2283; x_wconf 87' lang='lat' dir='ltr'>gente</span> <span class='ocrx_word' id='word_1_323' title='bbox 1574 2239 1719 2282; x_wconf 88' lang='lat' dir='ltr'>eadem,</span> <span class='ocrx_word' id='word_1_324' title='bbox 1736 2238 1772 2272; x_wconf 91' lang='lat' dir='ltr'>in</span> <span class='ocrx_word' id='word_1_325' title='bbox 1792 2238 1934 2273; x_wconf 91' lang='lat' dir='ltr'>cunctis</span> 
     </span>
     <span class='ocr_line' id='line_1_31' title="bbox 262 2297 1933 2344; baseline -0.002 -10"><span class='ocrx_word' id='word_1_326' title='bbox 262 2311 356 2344; x_wconf 87' lang='lat' dir='ltr'>quas</span> <span class='ocrx_word' id='word_1_327' title='bbox 375 2299 421 2333; x_wconf 89' lang='lat' dir='ltr'>de</span> <span class='ocrx_word' id='word_1_328' title='bbox 439 2299 555 2343; x_wconf 88' lang='lat' dir='ltr'>gestis</span> <span class='ocrx_word' id='word_1_329' title='bbox 574 2311 702 2334; x_wconf 88' lang='lat' dir='ltr'>eorum</span> <span class='ocrx_word' id='word_1_330' title='bbox 721 2299 869 2344; x_wconf 86' lang='lat' dir='ltr'>scripsit</span> <span class='ocrx_word' id='word_1_331' title='bbox 886 2298 1062 2342; x_wconf 88' lang='lat' dir='ltr'>historiis,</span> <span class='ocrx_word' id='word_1_332' title='bbox 1082 2297 1173 2332; x_wconf 90' lang='lat' dir='ltr'>nihil</span> <span class='ocrx_word' id='word_1_333' title='bbox 1196 2309 1362 2343; x_wconf 90' lang='lat' dir='ltr'>unquam</span> <span class='ocrx_word' id='word_1_334' title='bbox 1384 2297 1578 2342; x_wconf 83' lang='lat' dir='ltr'>egregium</span> <span class='ocrx_word' id='word_1_335' title='bbox 1603 2297 1649 2332; x_wconf 88' lang='lat' dir='ltr'>de</span> <span class='ocrx_word' id='word_1_336' title='bbox 1668 2297 1759 2342; x_wconf 88' lang='lat' dir='ltr'>ipsis</span> <span class='ocrx_word' id='word_1_337' title='bbox 1778 2298 1933 2343; x_wconf 86' lang='lat' dir='ltr'>posteri-</span> 
     </span>
     <span class='ocr_line' id='line_1_32' title="bbox 263 2357 505 2402; baseline -0.004 -10"><span class='ocrx_word' id='word_1_338' title='bbox 263 2357 330 2392; x_wconf 89' lang='lat' dir='ltr'>tati</span> <span class='ocrx_word' id='word_1_339' title='bbox 349 2357 505 2402; x_wconf 88' lang='lat' dir='ltr'>reliquit.</span> 
     </span>
    </p>
   </div>
   <div class='ocr_carea' id='block_1_10' title="bbox 262 2520 1932 2715">
    <p class='ocr_par' dir='ltr' id='par_1_10' title="bbox 262 2520 1932 2715">
     <span class='ocr_line' id='line_1_33' title="bbox 355 2520 1932 2576; baseline -0.003 -12"><span class='ocrx_word' id='word_1_340' title='bbox 355 2535 416 2565; x_wconf 84' lang='lat'>12.</span> <span class='ocrx_word' id='word_1_341' title='bbox 448 2523 644 2564; x_wconf 87' lang='lat' dir='ltr'>William</span> <span class='ocrx_word' id='word_1_342' title='bbox 678 2522 728 2563; x_wconf 90' lang='lat' dir='ltr'>of</span> <span class='ocrx_word' id='word_1_343' title='bbox 760 2523 981 2576; x_wconf 90' lang='lat' dir='ltr'>Newbury</span> <span class='ocrx_word' id='word_1_344' title='bbox 1014 2522 1281 2575; x_wconf 84' lang='lat' dir='ltr'>(Guilelmus</span> <span class='ocrx_word' id='word_1_345' title='bbox 1321 2521 1687 2574; x_wconf 82' lang='lat' dir='ltr'>Neuburgensis),</span> <span class='ocrx_word' id='word_1_346' title='bbox 1728 2520 1932 2561; x_wconf 74' lang='lat' dir='ltr'>Historia</span> 
     </span>
     <span class='ocr_line' id='line_1_34' title="bbox 262 2589 1932 2647; baseline -0.003 -13"><span class='ocrx_word' id='word_1_347' title='bbox 262 2594 521 2647; x_wconf 77' lang='lat' dir='ltr'>Anglicana,</span> <span class='ocrx_word' id='word_1_348' title='bbox 544 2603 631 2634; x_wconf 84' lang='lat' dir='ltr'>A.D.</span> <span class='ocrx_word' id='word_1_349' title='bbox 662 2594 915 2644; x_wconf 79' lang='lat'>1066-1198.</span> <span class='ocrx_word' id='word_1_350' title='bbox 979 2592 1075 2632; x_wconf 89' lang='lat' dir='ltr'>The</span> <span class='ocrx_word' id='word_1_351' title='bbox 1098 2598 1231 2632; x_wconf 84' lang='lat' dir='ltr'>exact</span> <span class='ocrx_word' id='word_1_352' title='bbox 1253 2591 1357 2631; x_wconf 88' lang='lat' dir='ltr'>date</span> <span class='ocrx_word' id='word_1_353' title='bbox 1380 2590 1429 2630; x_wconf 91' lang='lat' dir='ltr'>of</span> <span class='ocrx_word' id='word_1_354' title='bbox 1457 2590 1524 2630; x_wconf 87' lang='lat' dir='ltr'>his</span> <span class='ocrx_word' id='word_1_355' title='bbox 1548 2589 1681 2639; x_wconf 81' lang='lat' dir='ltr'>work,</span> <span class='ocrx_word' id='word_1_356' title='bbox 1713 2603 1762 2630; x_wconf 91' lang='lat' dir='ltr'>or</span> <span class='ocrx_word' id='word_1_357' title='bbox 1783 2590 1932 2638; x_wconf 86' lang='lat' dir='ltr'>death,</span> 
     </span>
     <span class='ocr_line' id='line_1_35' title="bbox 263 2662 1349 2715; baseline -0.003 -12"><span class='ocrx_word' id='word_1_358' title='bbox 263 2665 298 2703; x_wconf 89' lang='lat' dir='ltr'>is</span> <span class='ocrx_word' id='word_1_359' title='bbox 321 2670 398 2704; x_wconf 86' lang='lat' dir='ltr'>not</span> <span class='ocrx_word' id='word_1_360' title='bbox 421 2663 581 2703; x_wconf 79' lang='lat' dir='ltr'>known</span> <span class='ocrx_word' id='word_1_361' title='bbox 605 2677 613 2713; x_wconf 88' lang='lat'>;</span> <span class='ocrx_word' id='word_1_362' title='bbox 646 2663 678 2703; x_wconf 89' lang='lat' dir='ltr'>it</span> <span class='ocrx_word' id='word_1_363' title='bbox 702 2676 805 2715; x_wconf 89' lang='lat' dir='ltr'>may</span> <span class='ocrx_word' id='word_1_364' title='bbox 828 2662 939 2702; x_wconf 88' lang='lat' dir='ltr'>have</span> <span class='ocrx_word' id='word_1_365' title='bbox 962 2662 1072 2702; x_wconf 88' lang='lat' dir='ltr'>been</span> <span class='ocrx_word' id='word_1_366' title='bbox 1096 2675 1201 2701; x_wconf 87' lang='lat' dir='ltr'>near</span> <span class='ocrx_word' id='word_1_367' title='bbox 1229 2671 1349 2700; x_wconf 88' lang='lat'>1200.</span> 
     </span>
    </p>
   </div>
   <div class='ocr_carea' id='block_1_11' title="bbox 261 2745 1929 3256">
    <p class='ocr_par' dir='ltr' id='par_1_11' title="bbox 261 2745 1929 3256">
     <span class='ocr_line' id='line_1_36' title="bbox 336 2745 1928 2795; baseline -0.003 -11"><span class='ocrx_word' id='word_1_368' title='bbox 336 2750 478 2784; x_wconf 86' lang='lat' dir='ltr'>Habuit</span> <span class='ocrx_word' id='word_1_369' title='bbox 515 2762 607 2795; x_wconf 87' lang='lat' dir='ltr'>gens</span> <span class='ocrx_word' id='word_1_370' title='bbox 637 2749 831 2784; x_wconf 88' lang='lat' dir='ltr'>Britonum</span> <span class='ocrx_word' id='word_1_371' title='bbox 866 2757 952 2783; x_wconf 84' lang='lat' dir='ltr'>ante</span> <span class='ocrx_word' id='word_1_372' title='bbox 979 2756 1148 2783; x_wconf 90' lang='lat' dir='ltr'>nostrum</span> <span class='ocrx_word' id='word_1_373' title='bbox 1184 2748 1327 2782; x_wconf 89' lang='lat' dir='ltr'>Bedam</span> <span class='ocrx_word' id='word_1_374' title='bbox 1362 2746 1552 2792; x_wconf 85' lang='lat' dir='ltr'>proprium</span> <span class='ocrx_word' id='word_1_375' title='bbox 1587 2745 1928 2791; x_wconf 84' lang='lat' dir='ltr'>historiographum</span> 
     </span>
     <span class='ocr_line' id='line_1_37' title="bbox 263 2803 1929 2853; baseline -0.003 -11"><span class='ocrx_word' id='word_1_376' title='bbox 263 2808 424 2851; x_wconf 84' lang='lat' dir='ltr'>Gildam,</span> <span class='ocrx_word' id='word_1_377' title='bbox 443 2809 543 2853; x_wconf 89' lang='lat' dir='ltr'>quod</span> <span class='ocrx_word' id='word_1_378' title='bbox 563 2815 598 2842; x_wconf 91' lang='lat' dir='ltr'>et</span> <span class='ocrx_word' id='word_1_379' title='bbox 619 2808 722 2841; x_wconf 87' lang='lat' dir='ltr'>Beda</span> <span class='ocrx_word' id='word_1_380' title='bbox 740 2814 907 2850; x_wconf 89' lang='lat' dir='ltr'>testatur,</span> <span class='ocrx_word' id='word_1_381' title='bbox 926 2807 1113 2852; x_wconf 88' lang='lat' dir='ltr'>quaedam</span> <span class='ocrx_word' id='word_1_382' title='bbox 1140 2805 1218 2840; x_wconf 89' lang='lat' dir='ltr'>eius</span> <span class='ocrx_word' id='word_1_383' title='bbox 1238 2806 1351 2839; x_wconf 90' lang='lat' dir='ltr'>verba</span> <span class='ocrx_word' id='word_1_384' title='bbox 1377 2805 1452 2839; x_wconf 89' lang='lat' dir='ltr'>suis</span> <span class='ocrx_word' id='word_1_385' title='bbox 1479 2803 1610 2838; x_wconf 87' lang='lat' dir='ltr'>litteris</span> <span class='ocrx_word' id='word_1_386' title='bbox 1637 2804 1816 2846; x_wconf 81' lang='lat' dir='ltr'>inserens,</span> <span class='ocrx_word' id='word_1_387' title='bbox 1836 2803 1929 2838; x_wconf 90' lang='lat' dir='ltr'>sicut</span> 
     </span>
     <span class='ocr_line' id='line_1_38' title="bbox 262 2862 1929 2911; baseline -0.002 -11"><span class='ocrx_word' id='word_1_388' title='bbox 262 2866 341 2910; x_wconf 90' lang='lat' dir='ltr'>ipse</span> <span class='ocrx_word' id='word_1_389' title='bbox 375 2866 540 2911; x_wconf 86' lang='lat' dir='ltr'>probavi,</span> <span class='ocrx_word' id='word_1_390' title='bbox 575 2877 659 2899; x_wconf 92' lang='lat' dir='ltr'>cum</span> <span class='ocrx_word' id='word_1_391' title='bbox 694 2873 780 2899; x_wconf 90' lang='lat' dir='ltr'>ante</span> <span class='ocrx_word' id='word_1_392' title='bbox 811 2876 930 2898; x_wconf 86' lang='lat' dir='ltr'>annos</span> <span class='ocrx_word' id='word_1_393' title='bbox 964 2864 1104 2909; x_wconf 88' lang='lat' dir='ltr'>aliquot</span> <span class='ocrx_word' id='word_1_394' title='bbox 1140 2863 1175 2896; x_wconf 90' lang='lat' dir='ltr'>in</span> <span class='ocrx_word' id='word_1_395' title='bbox 1210 2862 1378 2896; x_wconf 87' lang='lat' dir='ltr'>eiusdem</span> <span class='ocrx_word' id='word_1_396' title='bbox 1414 2862 1524 2897; x_wconf 86' lang='lat' dir='ltr'>Gilde</span> <span class='ocrx_word' id='word_1_397' title='bbox 1559 2863 1693 2896; x_wconf 88' lang='lat' dir='ltr'>librum</span> <span class='ocrx_word' id='word_1_398' title='bbox 1727 2863 1929 2906; x_wconf 85' lang='lat' dir='ltr'>legendum</span> 
     </span>
     <span class='ocr_line' id='line_1_39' title="bbox 262 2920 1928 2965; baseline -0.003 -7"><span class='ocrx_word' id='word_1_399' title='bbox 262 2925 486 2958; x_wconf 90' lang='lat' dir='ltr'>incidissem.</span> <span class='ocrx_word' id='word_1_400' title='bbox 539 2925 633 2958; x_wconf 88' lang='lat' dir='ltr'>Cum</span> <span class='ocrx_word' id='word_1_401' title='bbox 653 2923 730 2957; x_wconf 91' lang='lat' dir='ltr'>eius</span> <span class='ocrx_word' id='word_1_402' title='bbox 750 2934 921 2956; x_wconf 89' lang='lat' dir='ltr'>sermone</span> <span class='ocrx_word' id='word_1_403' title='bbox 940 2922 986 2956; x_wconf 93' lang='lat' dir='ltr'>sit</span> <span class='ocrx_word' id='word_1_404' title='bbox 1012 2921 1217 2956; x_wconf 89' lang='lat' dir='ltr'>admodum</span> <span class='ocrx_word' id='word_1_405' title='bbox 1244 2920 1432 2965; x_wconf 92' lang='lat' dir='ltr'>impolitus</span> <span class='ocrx_word' id='word_1_406' title='bbox 1453 2928 1566 2965; x_wconf 89' lang='lat' dir='ltr'>atque</span> <span class='ocrx_word' id='word_1_407' title='bbox 1585 2920 1780 2965; x_wconf 86' lang='lat' dir='ltr'>insipidus,</span> <span class='ocrx_word' id='word_1_408' title='bbox 1799 2920 1928 2964; x_wconf 87' lang='lat' dir='ltr'>paucis</span> 
     </span>
     <span class='ocr_line' id='line_1_40' title="bbox 261 2978 1928 3023; baseline -0.002 -7"><span class='ocrx_word' id='word_1_409' title='bbox 261 2995 346 3017; x_wconf 88' lang='lat' dir='ltr'>eum</span> <span class='ocrx_word' id='word_1_410' title='bbox 364 2983 421 3016; x_wconf 88' lang='lat' dir='ltr'>vel</span> <span class='ocrx_word' id='word_1_411' title='bbox 440 2981 687 3016; x_wconf 85' lang='lat' dir='ltr'>transcribere</span> <span class='ocrx_word' id='word_1_412' title='bbox 706 2982 763 3014; x_wconf 80' lang='lat' dir='ltr'>vel</span> <span class='ocrx_word' id='word_1_413' title='bbox 781 2981 919 3014; x_wconf 86' lang='lat' dir='ltr'>habere</span> <span class='ocrx_word' id='word_1_414' title='bbox 938 2980 1165 3022; x_wconf 86' lang='lat' dir='ltr'>curantibus,</span> <span class='ocrx_word' id='word_1_415' title='bbox 1184 2990 1267 3013; x_wconf 87' lang='lat' dir='ltr'>raro</span> <span class='ocrx_word' id='word_1_416' title='bbox 1294 2978 1489 3013; x_wconf 86' lang='lat' dir='ltr'>invenitur.</span> <span class='ocrx_word' id='word_1_417' title='bbox 1546 2978 1775 3023; x_wconf 85' lang='lat' dir='ltr'>Integritatis</span> <span class='ocrx_word' id='word_1_418' title='bbox 1802 2986 1928 3012; x_wconf 89' lang='lat' dir='ltr'>tamen</span> 
     </span>
     <span class='ocr_line' id='line_1_41' title="bbox 262 3035 1927 3082; baseline -0.003 -8"><span class='ocrx_word' id='word_1_419' title='bbox 262 3039 340 3074; x_wconf 90' lang='lat' dir='ltr'>eius</span> <span class='ocrx_word' id='word_1_420' title='bbox 359 3051 433 3073; x_wconf 91' lang='lat' dir='ltr'>non</span> <span class='ocrx_word' id='word_1_421' title='bbox 459 3040 539 3073; x_wconf 85' lang='lat' dir='ltr'>leve</span> <span class='ocrx_word' id='word_1_422' title='bbox 565 3039 831 3072; x_wconf 88' lang='lat' dir='ltr'>documentum</span> <span class='ocrx_word' id='word_1_423' title='bbox 858 3045 924 3080; x_wconf 90' lang='lat' dir='ltr'>est,</span> <span class='ocrx_word' id='word_1_424' title='bbox 945 3037 1031 3082; x_wconf 91' lang='lat' dir='ltr'>quia</span> <span class='ocrx_word' id='word_1_425' title='bbox 1059 3037 1095 3071; x_wconf 91' lang='lat' dir='ltr'>in</span> <span class='ocrx_word' id='word_1_426' title='bbox 1114 3036 1269 3071; x_wconf 89' lang='lat' dir='ltr'>veritate</span> <span class='ocrx_word' id='word_1_427' title='bbox 1295 3037 1502 3081; x_wconf 90' lang='lat' dir='ltr'>promenda</span> <span class='ocrx_word' id='word_1_428' title='bbox 1528 3035 1700 3081; x_wconf 88' lang='lat' dir='ltr'>propriae</span> <span class='ocrx_word' id='word_1_429' title='bbox 1725 3035 1827 3080; x_wconf 89' lang='lat' dir='ltr'>genti</span> <span class='ocrx_word' id='word_1_430' title='bbox 1853 3048 1927 3070; x_wconf 91' lang='lat' dir='ltr'>non</span> 
     </span>
     <span class='ocr_line' id='line_1_42' title="bbox 262 3093 1928 3142; baseline -0.003 -10"><span class='ocrx_word' id='word_1_431' title='bbox 262 3097 381 3142; x_wconf 89' lang='lat' dir='ltr'>parcit</span> <span class='ocrx_word' id='word_1_432' title='bbox 411 3104 458 3141; x_wconf 90' lang='lat' dir='ltr'>et,</span> <span class='ocrx_word' id='word_1_433' title='bbox 489 3109 572 3131; x_wconf 90' lang='lat' dir='ltr'>cum</span> <span class='ocrx_word' id='word_1_434' title='bbox 603 3096 810 3130; x_wconf 89' lang='lat' dir='ltr'>admodum</span> <span class='ocrx_word' id='word_1_435' title='bbox 851 3107 962 3140; x_wconf 87' lang='lat' dir='ltr'>parce</span> <span class='ocrx_word' id='word_1_436' title='bbox 989 3097 1089 3130; x_wconf 88' lang='lat' dir='ltr'>bona</span> <span class='ocrx_word' id='word_1_437' title='bbox 1122 3095 1169 3129; x_wconf 88' lang='lat' dir='ltr'>de</span> <span class='ocrx_word' id='word_1_438' title='bbox 1200 3094 1275 3129; x_wconf 88' lang='lat' dir='ltr'>suis</span> <span class='ocrx_word' id='word_1_439' title='bbox 1310 3095 1493 3138; x_wconf 87' lang='lat' dir='ltr'>loquatur,</span> <span class='ocrx_word' id='word_1_440' title='bbox 1520 3094 1637 3128; x_wconf 86' lang='lat' dir='ltr'>multa</span> <span class='ocrx_word' id='word_1_441' title='bbox 1671 3093 1706 3127; x_wconf 92' lang='lat' dir='ltr'>in</span> <span class='ocrx_word' id='word_1_442' title='bbox 1741 3093 1794 3127; x_wconf 90' lang='lat' dir='ltr'>eis</span> <span class='ocrx_word' id='word_1_443' title='bbox 1829 3094 1928 3128; x_wconf 90' lang='lat' dir='ltr'>mala</span> 
     </span>
     <span class='ocr_line' id='line_1_43' title="bbox 262 3151 1927 3200; baseline -0.003 -10"><span class='ocrx_word' id='word_1_444' title='bbox 262 3157 431 3200; x_wconf 89' lang='lat' dir='ltr'>deplorat</span> <span class='ocrx_word' id='word_1_445' title='bbox 449 3167 518 3190; x_wconf 91' lang='lat' dir='ltr'>nec</span> <span class='ocrx_word' id='word_1_446' title='bbox 536 3163 692 3197; x_wconf 88' lang='lat' dir='ltr'>veretur,</span> <span class='ocrx_word' id='word_1_447' title='bbox 712 3162 749 3188; x_wconf 92' lang='lat' dir='ltr'>ut</span> <span class='ocrx_word' id='word_1_448' title='bbox 776 3166 903 3188; x_wconf 83' lang='lat' dir='ltr'>verum</span> <span class='ocrx_word' id='word_1_449' title='bbox 929 3165 1003 3188; x_wconf 87' lang='lat' dir='ltr'>non</span> <span class='ocrx_word' id='word_1_450' title='bbox 1032 3160 1163 3195; x_wconf 88' lang='lat' dir='ltr'>taceat,</span> <span class='ocrx_word' id='word_1_451' title='bbox 1185 3152 1288 3186; x_wconf 86' lang='lat' dir='ltr'>Brito</span> <span class='ocrx_word' id='word_1_452' title='bbox 1314 3152 1360 3186; x_wconf 86' lang='lat' dir='ltr'>de</span> <span class='ocrx_word' id='word_1_453' title='bbox 1393 3151 1606 3186; x_wconf 85' lang='lat' dir='ltr'>Britonibus</span> <span class='ocrx_word' id='word_1_454' title='bbox 1634 3151 1795 3185; x_wconf 90' lang='lat' dir='ltr'>scribere</span> <span class='ocrx_word' id='word_1_455' title='bbox 1826 3152 1927 3195; x_wconf 83' lang='lat' dir='ltr'>quod</span> 
     </span>
     <span class='ocr_line' id='line_1_44' title="bbox 263 3212 1196 3256; baseline -0.003 -8"><span class='ocrx_word' id='word_1_456' title='bbox 263 3226 331 3248; x_wconf 90' lang='lat' dir='ltr'>nec</span> <span class='ocrx_word' id='word_1_457' title='bbox 351 3214 386 3247; x_wconf 92' lang='lat' dir='ltr'>in</span> <span class='ocrx_word' id='word_1_458' title='bbox 405 3214 503 3247; x_wconf 91' lang='lat' dir='ltr'>bello</span> <span class='ocrx_word' id='word_1_459' title='bbox 521 3214 634 3247; x_wconf 84' lang='lat' dir='ltr'>sortes</span> <span class='ocrx_word' id='word_1_460' title='bbox 652 3212 786 3246; x_wconf 84' lang='lat' dir='ltr'>fuerint</span> <span class='ocrx_word' id='word_1_461' title='bbox 806 3224 872 3246; x_wconf 85' lang='lat' dir='ltr'>nec</span> <span class='ocrx_word' id='word_1_462' title='bbox 893 3212 927 3246; x_wconf 91' lang='lat' dir='ltr'>in</span> <span class='ocrx_word' id='word_1_463' title='bbox 948 3223 1039 3256; x_wconf 84' lang='lat' dir='ltr'>pace</span> <span class='ocrx_word' id='word_1_464' title='bbox 1058 3212 1196 3246; x_wconf 84' lang='lat' dir='ltr'>fideles.</span> 
     </span>
    </p>
   </div>
  </div>
 </body>
</html>
