2214 3556
95 1044 203 1080 lisvlzes.
223 1042 261 1076 vi,
280 1052 323 1080 13.

353 230 378 274 3
387 219 447 274 36
1020 217 1068 263 V
1065 219 1136 265 ita
1166 219 1356 266 Gz‘lclae.

350 350 515 390 diaboli
540 353 854 404 temptationes
878 353 1161 394 reluctaretur
1183 361 1225 394 et
1249 355 1479 395 adversum
1515 356 1708 408 corporis
1731 356 1795 396 sui
1820 356 2009 396 delecta-

351 421 492 460 tiones
534 434 798 473 oppugnans
839 435 885 462 se
927 422 1070 474 ipsum
1113 424 1399 471 excruciaret,
1431 424 1535 475 quid
1574 424 1691 464 aliud
1735 424 1790 464 de
1831 438 1883 464 eo
1925 425 2009 464 dici

350 496 508 541 potest,
532 490 612 528 nisi
646 489 826 542 longum
862 490 982 530 illum
1016 492 1205 531 traxisse
1239 492 1532 544 martyrium?
1597 492 1711 532 Nam
1746 499 1789 532 et
1812 493 1904 546 ipse
1926 492 2007 533 sibi

348 563 391 596 et
415 563 667 609 persecutor
691 556 769 597 suit
792 564 834 597 et
857 559 1182 610 persecutiones
1205 559 1286 598 sibi
1321 558 1462 599 illatas
1485 573 1564 612 pro
1588 559 1763 600 Christo
1786 561 2006 612 patienter

349 626 566 666 sustinuit.

439 695 578 746 Igitur
596 707 693 733 cum
719 694 773 734 ad
806 708 953 735 sacros
985 695 1160 736 ordines
1193 703 1422 748 promotus
1455 702 1570 736 esset
1602 703 1644 737 et
1677 696 2007 750 presbyteratus
2028 696 2055 741 8

352 763 602 815 fungeretur
625 762 780 811 officio,
803 763 985 803 audiens
1008 765 1125 816 quod
1159 771 1325 816 gentes,
1347 779 1459 817 quae
1483 765 1781 817 aquilonalem
1810 764 2007 818 plagaml

351 833 603 872 Britanniae
628 831 794 872 insulae
819 832 1081 882 incolebant,
1104 833 1247 873 adhuc
1280 834 1430 886 gentili
1465 848 1607 874 errore
1639 834 1942 875 detinerentur
1964 841 2007 875 et

349 901 466 954 quod
500 901 542 940 hi
579 901 724 950 etiam,
747 901 820 953 qui
850 901 1114 942 videbantur
1149 902 1260 942 inter
1296 916 1369 943 eas
1407 903 1657 953 Christiani,
1681 917 1767 943 non
1802 903 2006 944 catholici

348 977 505 1018 essent,
535 970 609 1009 sed
644 969 825 1009 diversis
863 970 1183 1010 haereticorum
1218 971 1443 1011 fraudibus
1477 972 1757 1021 irretirentur,
1791 973 2007 1025 accipiens,
2026 983 2064 1004 10

348 1042 473 1081 iuxta
505 1041 694 1093 apostoli
729 1047 1024 1094 praeceptum,
1053 1048 1328 1082 armaturam
1355 1043 1450 1092 Dei,
1485 1050 1535 1083 ut
1559 1051 1703 1096 posset
1737 1045 1928 1085 resistere
1961 1044 2006 1084 in

346 1110 414 1150 die
447 1110 560 1149 malo
597 1116 637 1149 et
671 1109 716 1148 in
750 1109 946 1149 omnibns
967 1111 1184 1162 pe7ffec2‘2cs
1213 1118 1340 1161 stare,
1369 1111 1423 1151 de
1456 1112 1618 1154 Christi
1652 1114 1871 1153 adiutorio
1903 1127 2005 1153 con-

347 1179 485 1219 fidens
508 1179 653 1232 coepit
676 1178 775 1218 illuc
798 1192 989 1231 pergere.
1055 1179 1192 1219 Stans
1213 1186 1360 1219 autem
1384 1181 1617 1221 succinctus
1643 1181 1805 1221 lmnbos
1836 1181 2007 1221 meum-2

347 1249 459 1288 inter
490 1261 687 1300 paganos
720 1253 852 1299 atque
884 1248 1140 1298 haereticos,
1163 1248 1341 1288 indutus
1372 1249 1502 1289 lorica
1531 1250 1725 1290 iustitiae
1745 1257 1785 1290 et
1803 1251 2008 1291 calciatus

340 1317 466 1369 pedes
527 1317 571 1356 in
622 1316 997 1368 praeparationem
1051 1317 1268 1369 euangelii
1301 1318 1426 1370 pacis
1473 1319 1519 1358 in
1560 1319 1756 1359 omnibus
1801 1320 2005 1372 periculis
2023 1332 2060 1362 15

341 1385 536 1425 smnebat
574 1391 740 1424 scutum
769 1384 893 1438 fidei,
936 1385 981 1424 in
1023 1400 1103 1437 qno
1135 1392 1278 1437 posset
1328 1386 1472 1426 omnia
1524 1387 1606 1427 tela
1647 1388 2004 1439 neqmlrsimorum

342 1454 676 1493 daemoniorum
719 1453 974 1506 extinguere,
998 1454 1254 1506 galeamque
1293 1454 1450 1494 salutis
1489 1461 1529 1495 et
1572 1456 1774 1507 gladium
1814 1456 2006 1508 spiritus,

341 1522 455 1575 qnod
481 1529 543 1562 est
573 1521 746 1562 verbum
780 1522 873 1561 Dei.
951 1522 1035 1561 His
1068 1522 1217 1575 itaque
1251 1523 1382 1562 armis
1426 1524 1620 1564 munitus
1654 1524 1807 1565 Gildas
1841 1524 2003 1565 Christi

343 1591 466 1631 miles
502 1591 749 1644 praeclarus
787 1591 1070 1643 praedicabat
1104 1605 1264 1631 nomen
1304 1591 1465 1633 Christi
1495 1593 1744 1645 gentilibus,
1764 1593 1912 1633 multis
1945 1607 2002 1633 ex

343 1660 491 1700 divina
534 1659 629 1712 lege
671 1659 1065 1711 approbationibus
1106 1660 1345 1699 ostendens
1388 1660 1494 1700 nihil
1547 1675 1640 1701 esse
1682 1661 1801 1714 quod
1844 1662 1900 1701 ab
1941 1662 2002 1701 eis
2022 1677 2060 1697 20

341 1728 638 1768 excolebatur.
706 1728 965 1767 Haereticos
989 1734 1134 1767 autern
1160 1728 1342 1768 verbum
1376 1729 1528 1769 salutis
1552 1744 1781 1783 opponens
1804 1731 1859 1770 ad
1882 1731 1999 1770 viam

343 1798 537 1837 veritatis
560 1796 762 1845 adduxit,
777 1811 802 1836 a
820 1797 987 1836 cunctis
1006 1810 1081 1836 eos
1099 1811 1274 1849 quoque
1293 1811 1503 1838 revocans
1521 1800 1749 1840 erroribus.
1796 1800 2001 1853 Namque

340 1867 377 1907 ei
409 1873 578 1906 tantam
617 1866 799 1906 dederat
831 1866 1051 1906 Dominus
1084 1873 1234 1906 noster
1271 1867 1391 1907 Iesus
1418 1867 1619 1908 Christus
1647 1870 1834 1921 gratiam
1865 1870 1999 1909 etiarn

340 1936 593 1983 sanitatum,
617 1942 663 1975 ut
686 1935 778 1974 eius
800 1935 1074 1976 orationibus
1107 1936 1223 1975 caeci
1258 1936 1634 1986 inluminarentur,
1657 1938 1799 1978 surdis
1822 1939 1999 1979 auditus

340 2004 594 2044 redderetur
616 2010 658 2044 et
688 2004 854 2044 claudis
886 2004 1194 2057 debilibusque
1226 2019 1410 2057 gressuS,
1433 2006 1709 2046 daemoniaci
1733 2015 2000 2057 curarentur,
2021 2022 2058 2051 25

341 2075 498 2127 leprosi
524 2074 843 2113 mundarentur
865 2082 907 2113 et
932 2073 1089 2113 infirmi
1109 2075 1271 2126 quique
1294 2082 1563 2115 sanarentur.
1627 2076 1843 2127 Pergebat
1867 2077 2000 2128 igitur

340 2143 494 2183 Gildas
518 2143 796 2183 beatissimus
829 2143 1108 2195 euangelium
1136 2143 1297 2184 Christi
1330 2144 1640 2196 praedicando,
1662 2144 1826 2185 docens
1849 2160 1997 2186 veram

338 2212 469 2252 fidem
494 2227 569 2265 per
593 2213 816 2252 universas
840 2212 1088 2265 provincias
1121 2219 1388 2266 gentemque
1418 2226 1541 2253 suam
1566 2214 1621 2254 ad
1646 2227 1792 2254 veram
1816 2214 1998 2255 catholi-

337 2295 522 2334 camque
546 2280 676 2321 fidem
700 2280 997 2321 convertebat.

427 2351 552 2390 Haec
575 2356 618 2390 et
641 2350 707 2389 his
731 2349 890 2389 similia
912 2356 1071 2402 agente
1104 2350 1236 2390 beato
1259 2350 1391 2391 Gilda
1423 2351 1566 2391 omnis
1598 2365 1704 2404 gens
1737 2352 1998 2404 aquilonalis
2020 2360 2048 2403 9

339 2418 495 2472 plagae
517 2420 571 2459 ad
596 2419 688 2458 eius
711 2418 1052 2470 praedicationis
1076 2418 1322 2458 doctrinam
1358 2419 1503 2471 coepit
1535 2420 1729 2472 undique
1753 2420 1998 2461 confluere:

336 2496 554 2541 quatenus
596 2488 805 2528 derelicto
846 2487 997 2538 gentili
1040 2501 1182 2527 errore
1223 2494 1267 2528 et
1315 2495 1523 2541 percepta
1560 2489 1652 2529 eius
1694 2490 1997 2530 admonitione

341 2558 531 2599 Sanctae
555 2557 786 2597 Trinitatis
811 2555 895 2596 fide
920 2557 959 2595 in
984 2558 1153 2609 gremio
1176 2557 1462 2597 collocaretur
1485 2564 1664 2597 sanctae
1687 2559 1838 2598 matris
1860 2559 1996 2598 eccle-

338 2628 439 2676 siae,
459 2634 504 2667 ut
524 2633 752 2666 vocaretur
775 2625 936 2666 Christi
955 2639 1118 2678 sponsa
1141 2632 1184 2666 et
1207 2626 1466 2678 probaretur
1488 2640 1592 2666 esse.
1638 2627 1993 2667 Destruebantur

337 2697 483 2748 itaque
507 2695 624 2735 idola
641 2695 696 2734 ab
714 2695 774 2734 eis
797 2708 882 2746 que
899 2708 949 2734 ea
966 2694 1285 2734 fabricaverant
1303 2709 1402 2734 cum
1423 2695 1598 2748 templis
1621 2695 1710 2734 suis
1729 2702 1771 2735 et
1787 2696 1995 2737 ecclesiae
2014 2706 2051 2736 35

336 2765 681 2805 aedificabantur
710 2778 786 2817 per
818 2777 1012 2816 congrua
1045 2763 1149 2803 loca.
1215 2764 1560 2816 Baptisabantur
1583 2764 1659 2803 viri
1694 2764 1862 2804 nobiles
1895 2779 1993 2805 cum

404 2898 413 2918 ¹
441 2897 889 2941 Aqm'lmmlemplagam.
943 2897 1048 2931 After
1077 2897 1237 2937 Ireland,
1261 2896 1391 2931 Gildas
1411 2897 1591 2942 proceeds
1618 2904 1655 2931 to
1683 2898 1872 2931 Scotland.
1924 2899 1994 2932 We

335 2958 428 2990 have
456 2968 504 2989 no
535 2967 665 2990 means
696 2956 736 2989 of
760 2954 898 2999 testing
925 2954 997 2988 this
1016 2962 1185 2989 account.
1242 2956 1272 2989 It
1300 2954 1433 2989 strikes
1462 2966 1532 2989 one
1562 2966 1603 2989 as
1622 2967 1643 2989 a
1662 2954 1931 2990 reminiscence
1959 2957 2000 2990 of

336 3015 547 3048 Columba's
566 3014 665 3047 work
684 3024 822 3056 among
840 3013 902 3046 the
924 3012 1032 3046 Picts.

397 3071 409 3091 ²
434 3072 593 3105 Lumhos
611 3071 752 3104 mentis.
804 3071 885 3104 The
905 3070 1024 3104 writer
1043 3070 1071 3104 is
1091 3070 1278 3115 evidently
1304 3071 1461 3116 quoting
1478 3071 1572 3105 from
1591 3082 1769 3115 memory,
1788 3083 1828 3106 as
1853 3072 1995 3106 lumbos

337 3132 466 3164 mentis
484 3141 610 3164 comes
637 3129 728 3162 from
753 3130 764 3162 1
789 3130 896 3163 Peter
915 3128 935 3170 i,
957 3139 1004 3172 13.
1058 3129 1137 3163 The
1158 3129 1375 3174 interesting
1395 3129 1536 3164 variant
1562 3130 1602 3163 in
1627 3130 1798 3164 omnibus
1809 3130 1995 3174 petficttts

338 3187 366 3221 is
386 3187 497 3221 found
519 3187 551 3220 in
573 3187 633 3220 the
654 3185 812 3220 Codices
834 3186 1031 3220 Fuldensis
1050 3187 1124 3221 and
1143 3187 1365 3221 Amiatinus.
