2214 3556
412 269 436 313 3
448 270 469 299 2
478 258 505 300 6
1071 256 1187 302 Vita
1229 255 1419 302 Gildae.

409 398 593 431 mortem
618 393 753 445 patris
777 392 814 432 ei
838 392 878 432 in
905 406 1039 445 regno
1072 392 1290 442 successit,
1314 391 1555 432 Mailocum
1588 405 1775 446 quoque,
1797 393 1871 445 qui
1895 406 1920 433 a
1942 399 2065 446 patre

406 460 538 500 sacris
568 460 722 501 litteris
754 461 940 502 traditus
973 467 1015 502 et
1048 461 1089 501 in
1123 462 1183 502 eis
1220 461 1331 502 bene
1368 460 1550 502 edoctus
1587 460 1737 502 relicto
1774 468 1898 514 patre
1931 468 2064 515 atque

406 528 534 568 rebus
567 529 760 582 paternis
793 529 1106 570 abrenuntians
1128 531 1247 571 venit
1282 529 1473 582 Lyuhes,
1497 531 1537 570 in
1572 544 1688 583 pago
1721 530 1883 571 Elmail
1916 531 2063 584 ibique

406 598 718 638 monasterium
743 597 992 647 aedificanS,
1015 599 1056 638 in
1080 613 1168 652 quo
1192 600 1231 638 in
1256 598 1434 651 hymnis
1457 605 1500 639 et
1522 598 1807 648 orationibus,
1825 599 2062 640 ieiuniis-et

402 666 562 719 vigiliis
586 666 798 707 instanter
821 667 1011 707 serviens
1035 668 1117 708 deo
1140 668 1281 708 clarus
1304 667 1538 708 virtutibus
1571 673 1614 708 et
1644 667 1864 708 miraculis
1887 667 1928 707 in
1953 681 2062 720 pace

402 735 578 787 quievit.
644 735 809 787 Egreas
832 749 934 775 vero
966 750 1065 776 cum
1100 736 1281 776 Allecco
1314 736 1444 776 fratre
1481 743 1524 777 et
1561 737 1751 777 Peteova
1788 750 1934 776 sorore
1963 736 2060 776 Deo

400 809 570 843 sacrata
592 803 758 856 virgine
781 804 979 844 similiter
1001 810 1044 844 et
1067 805 1146 857 ipsi
1165 805 1324 845 relictis
1347 806 1475 846 rebus
1494 805 1686 858 paternis
1705 812 1747 846 et
1764 804 2059 846 saecularibus

399 872 760 912 abrenuntiantes
784 873 958 926 pompis
984 873 1025 912 in
1050 880 1254 914 extrema
1286 880 1410 926 parte
1443 875 1633 927 regionis
1666 874 1779 914 illius
1802 874 2058 914 secedentes

399 953 484 979 non
509 940 640 993 longe
662 955 686 980 a
709 955 754 981 se
777 941 963 981 invicem
994 943 1204 983 distantia
1237 943 1395 996 singuli
1430 957 1507 983 sua
1540 950 1825 984 construxere
1857 944 2058 993 oratoria,

398 1009 589 1048 mediam
625 1015 870 1050 statuentes
904 1024 1110 1060 sororem,
1148 1025 1245 1051 cum
1285 1026 1371 1065 qua
1413 1012 1663 1053 alternatim
1700 1026 1780 1052 suo
1821 1012 1891 1052 die
1928 1012 2056 1052 horas

395 1077 574 1117 diurnas
593 1091 742 1118 eorum
762 1078 872 1118 alter
888 1093 987 1119 cum
1012 1080 1190 1120 missam
1214 1080 1465 1122 celebrabat
1488 1087 1530 1121 et
1549 1087 1648 1134 post
1667 1094 1871 1134 vesperas
1886 1094 1987 1121 cum
2006 1095 2057 1121 ea

394 1160 573 1186 sumens
605 1146 751 1186 cibum
785 1153 828 1188 et
863 1148 1027 1200 gratias
1062 1162 1196 1202 agens
1233 1149 1331 1189 Deo
1366 1156 1468 1190 ante
1497 1149 1600 1190 solis
1631 1142 2055 1190 occasum‘reverte-

393 1214 553 1255 bantur
575 1215 629 1255 ad
654 1216 892 1256 oratorium
916 1230 1042 1257 suum
1066 1234 1073 1258 :
1106 1219 1407 1271 unusquisque
1430 1219 1545 1259 enim
1576 1232 1725 1258 eorum
1751 1220 1987 1271 separatim
2011 1220 2052 1259 in

392 1298 471 1323 suo
494 1285 684 1324 oratorio
702 1285 872 1337 vigilias
896 1285 1157 1326 celebrabat.
1224 1287 1300 1327 Isti
1325 1287 1458 1339 igitur
1475 1301 1585 1340 quos
1609 1287 1913 1339 praediximus
1937 1287 2053 1327 beati

391 1356 433 1390 et
455 1350 595 1390 sancti
618 1350 710 1399 viri,
735 1351 952 1391 Mailocus
975 1352 1191 1402 videlicet,
1216 1352 1423 1393 Alleccus
1456 1361 1589 1406 atque
1613 1354 1780 1406 Egreas
1804 1367 1902 1394 cum
1924 1354 2054 1394 beata

390 1433 535 1459 sorore
559 1419 726 1460 cunctis
751 1421 915 1469 mundi,
937 1426 985 1461 ut
1008 1422 1297 1473 praemissum
1332 1428 1409 1471 est,
1432 1422 1589 1475 spretis
1621 1422 1779 1475 opibus
1811 1429 1854 1463 et
1886 1422 2052 1463 deliciis

388 1493 484 1528 toto
518 1488 613 1528 nisu
648 1488 807 1528 mentis
845 1489 898 1529 ad
943 1503 1179 1542 supernam
1213 1490 1447 1531 tendentes
1485 1491 1672 1543 patriam
1716 1492 1758 1531 in
1802 1491 1973 1531 ieiuniis
2009 1498 2052 1532 et

387 1556 660 1596 orationibus
711 1571 835 1597 suam
888 1560 1253 1599 commendantes
1295 1560 1432 1599 vitam
1475 1559 1655 1600 tandem
1700 1574 1724 1600 a
1767 1560 1866 1600 Deo
1908 1562 2049 1602 vocati

387 1631 644 1677 receperunt
667 1626 914 1666 mercedem
940 1625 1139 1667 laborum
1172 1641 1350 1667 suorum
1384 1634 1427 1668 et
1455 1628 1497 1668 in
1521 1629 1609 1668 suis
1633 1642 1746 1681 quae
1770 1628 2049 1669 aedificaver-

2079 1031 2114 1051 10

2075 1359 2110 1388 15

387 1700 463 1734 ant
505 1694 706 1734 oratoriis
748 1695 913 1734 conditi
963 1702 1202 1744 servantur,
1244 1696 1471 1737 clarificati
1522 1703 1565 1737 et
1617 1697 1809 1737 celebres
1861 1698 2048 1739 assiduis
2069 1710 2108 1730 20

387 1763 607 1803 miraculis
629 1770 673 1804 et
696 1765 736 1803 in
761 1763 900 1817 gloria
924 1766 1213 1806 resurrecturi.

474 1830 636 1870 Beatus
671 1836 818 1870 autem
847 1829 1014 1880 Gildas,
1036 1831 1111 1882 qui
1149 1837 1191 1871 et
1225 1831 1479 1881 Gildasius,1
1501 1832 1642 1872 honor
1672 1838 1715 1872 et
1737 1833 1872 1873 decus
1903 1834 2046 1885 gentis

383 1912 488 1939 suae
511 1898 692 1947 futurus
711 1904 754 1938 et
777 1899 869 1952 ipse
892 1912 917 1938 a
939 1899 1027 1939 suis
1050 1900 1306 1952 parentibus
1329 1900 1459 1940 beato
1481 1900 1688 1941 Hildut02
1702 1901 1889 1941 traditur
1907 1901 2046 1941 imbu-

382 2044 523 2087 though
544 2055 655 2088 many
668 2043 842 2088 perished
861 2045 1095 2089 completely.
1144 2045 1392 2089 Llaneugrad,
1410 2046 1615 2089 LlanallgO,
1634 2046 1709 2080 and
1727 2045 1987 2080 Llanbeithien
2003 2046 2047 2089 (?)

380 2113 442 2135 are
469 2101 647 2146 certainly
665 2102 784 2136 called
811 2102 903 2137 aster
929 2114 1084 2147 persons
1116 2104 1240 2138 whose
1269 2115 1399 2138 names
1426 2103 1462 2137 in
1493 2103 1601 2138 Latin
1626 2116 1711 2149 may
1726 2105 1805 2138 well
1831 2105 1926 2138 have
1952 2105 2046 2139 been

380 2160 535 2204 Egreas,
554 2161 737 2203 Alleccus,
757 2160 831 2194 and
853 2162 1027 2204 Peteona,
1046 2162 1111 2196 but
1130 2174 1183 2196 we
1197 2169 1334 2196 cannot
1352 2163 1462 2196 know
1480 2163 1560 2197 that
1579 2163 1667 2207 they
1685 2174 1779 2197 were
1798 2163 1860 2197 the
1879 2162 2047 2198 children

380 2219 421 2252 of
436 2219 534 2262 CaW,
553 2219 626 2253 and
645 2220 687 2253 of
707 2220 770 2254 the
794 2220 873 2254 fifth
901 2232 941 2254 or
967 2220 1061 2254 sixth
1090 2227 1267 2265 century3
1294 2221 1334 2266 if
1349 2222 1431 2264 llley
1449 2233 1553 2264 were,
1574 2221 1662 2256 then
1691 2220 1717 2256 it
1745 2221 1775 2255 is
1804 2220 1944 2256 certain
1967 2222 2046 2256 that

380 2276 400 2293 “
417 2277 543 2311 Llan-’'
562 2278 653 2312 does
671 2282 736 2311 not
752 2277 866 2323 imply
885 2291 906 2313 a
925 2279 1063 2313 church
1083 2279 1103 2295 ‘⁸
1118 2278 1335 2314 dedicated''
1355 2286 1391 2314 to
1411 2280 1525 2314 them.

452 2350 460 2371 ¹
491 2351 623 2385 Gildas
640 2353 708 2396 qui
727 2355 763 2385 et
790 2352 990 2386 Gildasizts.
1044 2353 1126 2387 One
1154 2354 1233 2387 MS.
1254 2353 1295 2386 of
1318 2353 1380 2387 the
1398 2353 1653 2395 Hz'bernensz's,
1673 2352 1860 2396 evidently
1879 2354 2041 2398 through

381 2409 594 2452 ignorance,
635 2416 766 2454 quotes
808 2410 939 2444 Gildas
974 2422 1014 2444 as
1043 2410 1214 2445 Gelasius
1242 2411 1604 2453 (VVasserschleben,
1630 2412 2042 2457 Kanonensammlung,

379 2467 503 2509 xxvi);
532 2468 595 2502 but
624 2467 774 2502 besides
807 2468 956 2513 GyMus,
976 2468 1012 2502 in
1044 2469 1126 2502 Vita
1156 2469 1276 2502 Pauli
1302 2469 1376 2502 and
1411 2470 1622 2511 elsewhere,
1652 2480 1705 2503 we
1740 2470 1846 2512 have,
1883 2469 1917 2503 in
1948 2469 2042 2503 Irish

378 2525 611 2568 documents,
633 2526 759 2560 Gz'llus
784 2527 859 2560 and
888 2527 1010 2560 Gz'llas
1029 2540 1036 2568 ;
1066 2527 1169 2560 Beda
1188 2526 1224 2570 (i,
1245 2527 1304 2569 22)
1324 2527 1444 2561 writes
1465 2527 1628 2568 Gz'ldus;
1653 2527 1786 2561 Alcuin
1813 2528 1880 2561 has
1910 2528 2045 2561 Gz'ldus

379 2583 453 2616 and
475 2583 618 2627 Gyldus
635 2584 753 2628 (Jaffe,
774 2585 877 2618 Μθη.
905 2585 1001 2627 Alc„
1021 2584 1065 2627 vi,
1086 2585 1163 2626 206,
1185 2584 1277 2628 371).
1330 2585 1410 2618 The
1438 2584 1585 2619 earliest
1605 2584 1726 2619 writer
1752 2585 1793 2618 of
1814 2586 1872 2627 all,
1894 2586 2042 2619 Colum-

379 2638 509 2681 banus,
530 2638 565 2672 in
585 2638 642 2673 his
662 2639 806 2684 Epistle
821 2647 858 2674 to
879 2640 1048 2684 Gregory
1067 2641 1128 2674 the
1149 2641 1274 2683 Great,
1294 2641 1384 2674 calls
1403 2640 1482 2674 him
1504 2641 1627 2674 Giltas
1645 2641 1766 2680 (fison.
1789 2640 1908 2674 Germ.
1925 2641 2040 2683 Hist„

380 2695 448 2739 Ep.
470 2704 528 2738 111,
548 2707 606 2740 pp.
632 2696 705 2739 158,
730 2696 819 2740 159).

450 2763 462 2784 ²
488 2765 660 2799 Hilduto.
712 2766 793 2800 The
813 2777 922 2800 name
948 2778 1106 2810 appears
1134 2766 1169 2800 in
1197 2767 1338 2800 several
1365 2766 1517 2810 slightly
1535 2765 1706 2800 different
1732 2766 1856 2800 forms.
1911 2768 1952 2800 In
1977 2768 2039 2801 the

389 2822 470 2855 Vita
490 2823 620 2856 Bm'oci
651 2823 676 2857 it
706 2823 735 2857 is
768 2824 972 2864 Hillutus,·
1007 2825 1088 2857 Vita
1111 2826 1294 2858 Sansom's
1323 2825 1391 2858 has
1415 2824 1606 2858 Heldutus
1632 2824 1706 2858 and
1735 2824 1941 2866 Heltutus,·
1978 2826 2039 2859 the

380 2892 484 2914 same
517 2882 598 2914 Visa
629 2881 663 2915 in
694 2882 756 2916 the
782 2882 855 2916 Aa.
885 2883 954 2925 Ss.,
982 2882 1024 2916 28
1052 2884 1146 2927 July,
1174 2882 1220 2925 vi,
1255 2883 1358 2926 gives
1388 2882 1549 2916 Eltutus
1575 2883 1811 2926 throughout.
1876 2883 1917 2916 In
1958 2883 2039 2917 Visa

378 2938 498 2971 Pauli
527 2939 658 2973 Aures.
696 2950 748 2973 we
783 2939 877 2973 have
911 2939 1072 2973 lldutus.
1140 2941 1221 2974 The
1255 2940 1346 2985 Lifi’,
1381 2939 1526 2985 printed
1555 2939 1588 2973 in
1616 2939 1678 2973 the
1718 2939 2037 2974 Canzbro-Bm'tsslc

380 2996 520 3039 saints,
556 2996 585 3030 is
629 2998 710 3030 Vita
741 2998 778 3031 S.
808 2998 922 3031 lltuti
949 2998 1114 3031 Abbatis.
1166 2999 1247 3032 The
1275 3009 1384 3032 name
1419 2997 1448 3031 is
1479 2998 1558 3031 also
1588 2997 1702 3031 found
1735 2996 1769 3030 in
1801 2997 1862 3032 the
1895 2999 2037 3043 Corpus

377 3054 419 3086 of
442 3053 548 3087 Latin
584 3053 826 3098 Inscriptions
852 3054 907 3098 (C.
943 3055 972 3088 l.
1006 3055 1061 3097 L„
1092 3054 1137 3097 vi,
1170 3054 1304 3098 19282).
1376 3056 1388 3089 1
1415 3055 1509 3089 have
1543 3055 1769 3099 throughout
1806 3054 1947 3089 written
1977 3056 2037 3089 the

379 3111 531 3145 modern
562 3112 691 3145 Welsh
726 3112 818 3146 form
858 3124 899 3146 as
944 3113 1066 3155 Illtud,
1100 3114 1242 3157 though
1284 3114 1411 3147 Elltud
1447 3113 1565 3147 would
1601 3125 1702 3147 seem
1737 3120 1773 3147 to
1809 3113 1854 3147 be
1891 3114 2037 3157 equally

377 3173 549 3205 correct3
593 3167 653 3200 the
699 3168 798 3200 Book
837 3168 883 3211 of
917 3167 1095 3201 Llczmz'ziv
1136 3168 1326 3211 generally
1362 3167 1481 3202 writes
1512 3168 1664 3202 lldutus
1704 3168 1776 3201 and
1826 3168 2033 3207 Lan-ildut,

376 3223 516 3267 though
547 3223 581 3257 in
615 3225 735 3258 North
764 3226 890 3258 &Vtiles
925 3236 977 3259 we
1012 3225 1106 3259 have
1145 3226 1207 3260 the
1246 3237 1354 3260 name
1388 3237 1429 3260 as
1463 3225 1688 3260 Llan-elltud
1722 3237 1762 3258 or
1798 3225 2031 3268 Llan-elltyd.

2071 1841 2096 1886 3
