2173 3556
0 609 38 634 μη
60 602 212 629 lleresics.

39 642 83 668 1¹0
99 642 227 668 diversis

37 680 222 708 moresibus.

10 1157 53 1182 ιο)
70 1155 138 1182 The
151 1160 253 1191 tyran-

31 1194 71 1224 ni,
91 1195 222 1229 particu-

30 1233 106 1269 larly
124 1233 224 1261 Maxi-

31 1281 106 1299 mus.

33 1312 78 1338 l)‹=
102 1311 248 1340 trrannis.

281 269 343 313 30
780 251 856 296 De
883 249 1090 296 Excidio
1116 250 1432 296 Britanniae.

281 397 521 440 martyrum
568 387 752 426 fundant
790 391 1046 425 construunt
1082 384 1310 437 perficiunt
1347 398 1396 423 ac
1431 384 1551 424 velut
1584 384 1779 424 victricia
1813 384 1937 435 signa

280 457 443 509 passim
469 455 714 508 propalant,
738 455 831 494 dics
864 453 997 492 festos
1029 453 1262 501 celebrant,
1285 465 1408 491 sacra
1431 453 1598 492 mundo
1621 452 1753 492 corde
1775 464 1936 504 oreque

279 525 525 573 conficiunt,
549 537 701 563 omnes
724 522 928 562 exultant
951 521 1025 560 filii
1044 522 1212 573 gremio
1234 534 1284 560 ac
1307 521 1341 560 si
1366 521 1517 560 matris
1532 521 1741 561 ecclesiae
1759 520 1936 561 confoti.

367 593 533 633 Mansit
556 605 744 643 namque
767 591 872 630 hacc
892 590 1053 631 Christi
1071 590 1226 642 capitis
1246 589 1634 642 membrorumque
1648 589 1936 629 consonantia

278 663 434 710 suavis,
457 663 595 701 donec
616 661 804 700 Arriana
827 657 1035 711 perfidia,1
1057 664 1186 697 atrox
1205 671 1282 697 ceu
1306 658 1474 709 anguis,
1493 659 1786 697 transmarina
1809 657 1935 697 nobis

277 744 484 770 evomens
526 743 693 769 venena
726 729 877 767 fratres
912 728 953 766 in
990 740 1123 766 unum
1162 726 1413 766 habitantes
1450 726 1737 766 exitiabiliter
1773 726 1933 766 faceret

277 800 455 851 seiungi,
479 813 528 838 ac
550 799 610 837 sic
628 798 750 850 quasi
774 797 843 836 via
866 796 980 835 facta
1003 802 1122 835 trans
1145 809 1358 835 oceanum
1382 809 1535 835 omnes
1558 796 1737 835 omnino
1769 795 1935 835 bestiae

278 868 392 908 ferae
416 867 685 907 mortiferum
710 865 940 905 cuiuslibet
975 864 1203 904 haereseos
1237 865 1354 903 virus
1390 864 1568 904 horrido
1601 878 1676 904 ore
1711 864 1933 904 vibrantes

278 938 422 977 letalia
437 937 634 976 dentium
654 935 832 975 vulnera
854 934 1021 986 patriae
1044 933 1144 972 novi
1163 947 1336 986 semper
1354 933 1521 986 aliquid
1540 934 1691 973 audire
1708 933 1871 973 volenti
1890 939 1933 972 et

276 1007 379 1045 nihil
405 1013 520 1046 certe
542 1005 755 1045 stabiliter
776 1003 991 1056 optinenti
1016 1001 1266 1053 infigebant.

366 1076 566 1127 Itemque
616 1073 794 1112 tandem
847 1078 1135 1123 tyrannorum
1188 1071 1389 1123 virgultis
1441 1070 1736 1111 crescentibus
1789 1076 1832 1110 et
1889 1071 1931 1110 in

275 1144 514 1182 immanem
567 1141 719 1181 silvam
773 1140 858 1179 iam
922 1140 1097 1191 iamque
1154 1139 1487 1191 erumpentibus
1549 1140 1702 1187 insula,
1767 1152 1928 1178 nomen

275 1212 526 1251 Romanum
550 1223 629 1249 nec
651 1216 799 1249 tamen
825 1221 990 1247 morem
1015 1207 1247 1260 legemque
1269 1208 1555 1260 tenens,quin
1576 1208 1721 1260 potius
1740 1207 1932 1247 abiciens

272 1294 449 1333 germen
473 1293 576 1319 suae
599 1277 883 1331 plantationis
907 1277 1219 1326 amarissimae,
1242 1276 1296 1316 ad
1322 1276 1489 1317 Gallias
1513 1290 1675 1329 magna
1693 1276 1933 1316 comitante

271 1348 508 1388 satellitum
532 1354 718 1395 caterva,
747 1347 923 1397 insuper
952 1345 1085 1384 etiam
1109 1345 1385 1397 imperatoris
1417 1345 1661 1398 insignibus
1698 1344 1830 1396 (quae
1853 1357 1932 1383 nec

271 1419 475 1457 decenter
507 1429 690 1469 usquam
714 1415 880 1468 gessit),
903 1427 989 1453 non
1014 1413 1221 1466 legitime,
1243 1414 1320 1454 sed
1344 1414 1428 1454 ritu
1451 1414 1683 1466 tyrannico
1706 1420 1749 1453 et
1771 1412 1933 1453 tumul-

272 1493 424 1525 tuante
439 1485 657 1524 initiatum
678 1483 825 1531 milite,
843 1482 1096 1521 Maximum
1117 1481 1282 1521 mittit.2
1325 1481 1433 1534 Quia
1452 1481 1611 1522 callida
1627 1482 1817 1534 primum
1841 1487 1933 1521 arte

270 1555 415 1606 potius
444 1567 576 1606 quam
599 1553 758 1592 virtute
792 1551 1000 1591 finitimos
1032 1563 1233 1602 quosque
1256 1563 1395 1603 pagos
1418 1550 1486 1590 vel
1510 1550 1756 1603 provincias
1779 1556 1933 1589 contra

271 1623 522 1662 Romanum
557 1628 721 1661 statum
759 1634 835 1673 per
870 1620 977 1659 retia
1014 1619 1190 1671 periurii
1229 1619 1535 1672 mendaciique
1577 1620 1642 1659 sui
1685 1618 1931 1658 facinoroso

269 1705 403 1743 regno
444 1692 693 1737 adnectens,
737 1696 780 1729 et
829 1702 962 1729 unam
1005 1688 1174 1728 alarum
1218 1688 1274 1728 ad
1322 1688 1604 1741 Hispaniam,
1647 1688 1831 1728 alteram
1874 1688 1929 1727 ad

274 1760 446 1799 Italiam
470 1759 716 1799 extendens
744 1764 787 1798 et
816 1757 1023 1797 thronum
1062 1757 1325 1809 iniquissimi
1360 1758 1531 1810 imperii
1555 1758 1672 1810 apud
1696 1757 1933 1797 Treverosb

269 1836 465 1868 statuens
488 1835 611 1868 tanta
633 1828 802 1867 insania
825 1828 866 1866 in
900 1826 1106 1866 dominos
1140 1826 1440 1866 debacchatus
1463 1833 1541 1876 est,
1578 1834 1627 1867 ut
1660 1827 1771 1866 duos
1794 1827 1931 1879 impe-

273 1905 437 1938 ratores
473 1898 705 1949 legitimos,
727 1910 861 1936 unum
902 1896 1061 1945 Roma,
1092 1895 1227 1935 alium
1252 1895 1582 1948 religiosissima
1617 1896 1708 1936 vita
1740 1895 1931 1948 pelleret.

272 1968 363 2008 Nec
396 1981 517 2007 mora
539 1974 629 2007 tam
661 1966 865 2006 feralibus
887 1965 1076 2006 vallatus
1111 1965 1308 2006 audaciis
1347 1966 1466 2018 apud
1498 1965 1752 2019 Aquileiam
1777 1966 1929 2006 urbem

339 2130 349 2150 ¹
376 2129 751 2174 l'crfidz'azunbelief
764 2141 804 2163 or
822 2129 965 2173 heresy,
982 2129 1017 2163 in
1040 2129 1308 2164 ecclesiastical
1327 2130 1477 2164 writers.
1530 2130 1622 2164 “Ad
1640 2141 1797 2174 quorum
1816 2130 1929 2174 perfi-

269 2188 370 2220 diam
384 2188 658 2230 coarguendam
679 2187 869 2231 synhodus
884 2195 1066 2220 CCCXVIII
1087 2186 1348 2231 episcoporum
1368 2187 1404 2221 in
1420 2186 1569 2221 Niciam
1584 2187 1715 2221 urbem
1732 2186 1931 2230 Bithyniae

273 2253 501 2289 congregata
535 2257 664 2279 omnes
695 2245 943 2279 hereticorum
971 2244 1165 2279 machinas
1202 2245 1403 2279 Homonsii
1439 2245 1674 2290 oppositione
1716 2244 1929 2279 deleuit.''—

273 2303 437 2346 Hieron„
458 2304 589 2338 (Ξάνθη.
610 2317 616 2344 ;
646 2304 779 2337 Paulus
802 2303 992 2337 Diaconus
1010 2303 1091 2346 has,
1109 2304 1286 2337 Arriana
1297 2304 1461 2348 perfidia
1481 2304 1554 2348 (M
1579 2304 1619 2338 G.
1641 2304 1704 2347 H„
1724 2316 1756 2343 X,
1777 2302 1870 2347 374).

338 2362 350 2382 2
376 2363 497 2395 There
524 2361 552 2395 is
578 2374 599 2395 a
626 2361 782 2405 striking
808 2362 1062 2395 resemblance
1090 2362 1256 2396 between
1288 2362 1428 2396 Gildas'
1455 2374 1535 2406 way
1559 2362 1600 2396 of
1626 2361 1841 2406 describing
1869 2361 1931 2395 the

270 2420 403 2453 double
423 2419 535 2453 crime
562 2420 603 2453 of
626 2419 812 2453 Maximus
839 2419 913 2452 and
939 2419 1002 2453 the
1030 2419 1216 2463 language
1245 2420 1286 2453 of
1312 2419 1496 2465 Sulpicius
1524 2421 1682 2454 Severus
1705 2420 1740 2453 in
1765 2419 1823 2453 his
1850 2420 1932 2453 Vita

270 2479 444 2511 ,Ilfcrlz'ml
500 2479 531 2511 It
561 2489 681 2511 seems
717 2477 933 2521 impossible
962 2477 1042 2511 that
1073 2477 1099 2511 it
1123 2478 1233 2511 could
1261 2478 1307 2512 be
1337 2478 1557 2513 accidental.
1611 2480 1662 2512 St.
1693 2477 1831 2512 Martin
1857 2478 1931 2512 had

339 2639 354 2654 ss
375 2631 427 2663 Ac
448 2642 504 2673 yn]
525 2642 593 2674 pen
614 2630 731 2675 yspeit
752 2642 866 2674 pump
886 2630 1033 2673 mlyned
1050 2631 1261 2674 fyberwhav
1275 2642 1296 2664 a
1315 2643 1402 2665 oruc
1424 2633 1560 2665 Maxen
1581 2643 1602 2665 o
1626 2631 1794 2675 amyldcr
1806 2642 1870 2664 eur
1887 2642 1931 2664 ac

271 2696 397 2731 aryant
424 2700 445 2721 a
464 2689 555 2722 swllt
574 2701 594 2721 a
614 2689 875 2731 marchogyon.
926 2689 981 2721 Ac
1000 2700 1047 2731 yn
1067 2701 1088 2732 y
1108 2689 1153 2722 lle
1174 2688 1314 2733 paratoi
1338 2690 1454 2733 llyges
1474 2701 1495 2723 a
1517 2690 1661 2723 wnaeth
1686 2701 1707 2723 a
1726 2690 1932 2732 chynullaw

271 2754 378 2780 attaw
398 2747 469 2779 holl
489 2747 690 2790 ymladwyr
707 2759 799 2790 ynys
822 2746 992 2790 Prydein.
1058 2748 1113 2780 Ac
1132 2758 1153 2780 a
1171 2747 1297 2790 allwys
1317 2759 1339 2790 y
1357 2748 1441 2791 gael
1460 2759 1481 2781 o
1501 2747 1607 2781 leoed
1626 2747 1727 2781 ereill
1753 2759 1773 2781 a
1800 2747 1932 2791 gwedy

271 2805 332 2837 bot
353 2816 424 2848 pop
443 2805 528 2848 peth
549 2816 594 2847 yn
621 2805 759 2838 barawt
785 2805 965 2848 kychwyn
985 2816 1007 2838 a
1025 2816 1112 2838 oruc
1132 2805 1238 2848 parth
1257 2816 1278 2838 a
1299 2805 1450 2848 Llydaw
1468 2817 1490 2848 y
1510 2806 1593 2839 wlat
1611 2817 1633 2839 a
1651 2804 1750 2839 elwir
1771 2806 1931 2849 Brytaen

273 2863 422 2894 X'cchan
444 2874 483 2904 γι·
500 2874 573 2895 awr
592 2863 838 2904 hon.——l›‘rul,
858 2873 890 2906 p.
916 2870 988 2906 115.

343 2918 358 2942 ¹>
379 2921 409 2951 :X
429 2920 558 2962 ἕψε-ἀγ
577 2920 640 2953 bot
660 2920 731 2963 pol)
751 2920 797 2953 lle
823 2932 845 2953 o
864 2920 990 2963 hynny
1009 2931 1056 2963 yn
1077 2919 1336 2964 darestygedic
1364 2919 1458 2953 idaw
1476 2932 1499 2964 y
1516 2921 1698 2964 gossodes
1717 2919 1885 2954 eistedua
1909 2932 1931 2963 y

273 2975 428 3018 ‹lcyrnas
443 2988 462 3018 y
476 2987 522 3018 ny
536 2975 641 3009 (linas
657 2976 779 3009 aelwir
797 2976 979 3010 Treueris.
1015 2978 1070 3010 Ac
1088 2988 1160 3019 yna
1175 2989 1196 3020 y
1211 2977 1457 3011 dechreuawd
1476 2978 1601 3020 ryuelu
1620 2989 1660 3011 ar
1677 2989 1699 3020 y
1714 2978 1786 3011 deu
1798 2977 1931 3011 vroder

274 3036 359 3067 (inu
375 3034 431 3067 ian
459 3046 480 3067 a
504 3034 655 3067 Valawn
682 3046 703 3068 a
728 3035 865 3078 oedynt
892 3035 1141 3068 amherodron
1168 3047 1214 3079 yn
1243 3034 1387 3069 Rusein.
1439 3035 1473 3068 A
1498 3035 1629 3079 gwedy
1648 3035 1722 3069 llad
1748 3047 1770 3078 y
1796 3035 1881 3069 neill
1908 3047 1930 3079 y

273 3092 439 3125 (lc-tholos
459 3104 478 3134 y
497 3093 569 3125 llall
589 3105 611 3123 ι)
632 3092 763 3126 Rufein
783 3092 1092 3136 ymcitlI.—B7'zts‚
1114 3105 1145 3138 p.
1170 3102 1242 3135 117.

347 3151 399 3183 Λιῑ
419 3162 463 3193 yn
485 3163 524 3192 γι·
542 3163 663 3183 :unser
684 3152 825 3184 hwnnw
842 3164 862 3194 y
882 3152 947 3184 llas
970 3153 1105 3185 Maxcn
1126 3164 1171 3195 yn
1196 3151 1337 3185 Ruuein
1358 3163 1400 3185 ac.
1420 3164 1441 3195 y
1459 3153 1696 3195 gwafgarwyt
1715 3163 1736 3185 a
1750 3152 1821 3185 oed
1841 3160 1928 3196 ygyt

275 3220 315 3241 ax:
341 3209 378 3241 cs
400 3221 440 3240 or
463 3208 713 3251 Brytanycitf
735 3210 843 3252 lima,
864 3222 895 3253 1).
921 3220 992 3243 120.
1047 3211 1189 3243 illrum]
1209 3210 1243 3243 in
1264 3211 1325 3244 the
1344 3211 1473 3243 &Velsh
1502 3210 1619 3243 under
1637 3221 1665 3243 c.
1685 3219 1707 3251 9
1725 3211 1854 3243 stands
1873 3211 1928 3245 for

1954 1366 1989 1394 15
