2214 3556
370 254 465 285 200
870 237 949 283 De
974 236 1187 283 Excidio
1211 233 1528 282 Britanniae.

366 386 530 412 movere
540 373 669 425 pedes
688 386 786 412 suos
806 378 845 412 et
867 386 947 411 non
970 371 1134 424 quievit
1163 377 1203 411 et
1232 371 1418 410 Domino
1449 382 1530 409 uon
1555 367 1730 420 placuit.
1804 367 1935 406 Nunc
1966 381 2027 406 re-

76 449 137 479 lvr.
157 450 327 487 xiv,13-16.
364 440 612 481 cordabitur
632 441 914 493 iniquitatum
933 453 1075 480 eorum
1098 446 1138 479 et
1157 438 1355 478 visitabit
1364 443 1536 490 peccata
1553 435 1753 476 illorum.1
1792 435 2030 488 Prophetae

359 509 508 549 dicunt
538 510 598 550 eis
615 525 629 550 .·
671 523 752 549 non
787 508 986 549 videbitis
1011 508 1212 560 gladium
1246 514 1286 547 et
1303 507 1452 558 fames
1488 519 1568 544 non
1605 505 1689 545 erit
1719 503 1764 543 in
1799 503 1926 552 vobis,
1957 503 2034 543 sed

350 584 500 629 pacem
523 593 668 618 veram
691 577 813 618 dabit
833 577 1049 617 Dominus
1070 576 1187 616 vobis
1208 576 1253 615 in
1275 575 1356 615 loco
1379 575 1468 614 isto.
1520 574 1581 614 Et
1601 573 1715 612 dixit
1734 572 1951 612 Dominus
1970 572 2034 611 ad

361 661 425 686 me
442 661 457 687 .·
475 647 599 698 salso
611 647 841 699 prophetae
863 645 1164 685 vaticinantur
1178 644 1222 684 in
1247 643 1414 683 nomine
1436 656 1534 692 meo,
1557 655 1638 681 non
1660 640 1765 681 misi
1781 654 1846 680 eos
1876 646 1916 680 et
1945 653 2026 679 non
2066 655 2083 683 5

350 715 549 767 praecepi
567 715 636 764 eis,
658 715 863 754 visionem
887 714 1126 754 mendacem
1148 719 1188 752 et
1208 712 1517 752 divinationem
1549 717 1589 750 et
1604 709 1958 761 fraudulentiam
1989 715 2030 748 et

359 784 637 824 seductionem
659 784 798 823 cordis
817 783 892 823 sui
898 782 1161 835 prophetant
1195 781 1321 821 vobis.
1382 779 1481 820 Ideo
1513 779 1614 818 haec
1647 778 1752 818 dicit
1782 777 2026 817 Dominus:

361 852 406 892 in
422 853 572 904 gladio
593 859 634 892 et
640 853 769 904 fame
802 857 1103 891 consumentur
1126 849 1358 902 prophetae
1387 848 1456 889 illi
1487 855 1528 888 et
1551 847 1714 900 populi,
1747 846 1900 900 quibus
1922 853 2025 898 pro-

353 921 652 973 phetaverunt,
664 920 848 974 proiecti
865 926 992 960 erunt
1012 919 1057 959 in
1080 919 1162 959 viis
1202 918 1477 958 Hierusalem
1505 924 1616 970 prae
1635 917 1763 968 fame
1797 922 1838 956 et
1865 915 2025 968 gladio,

73 1004 137 1033 lcr.
156 1001 238 1035 xxiii,
259 1011 284 1036 1,
298 1012 323 1031 2.
359 996 398 1029 et
420 1004 500 1029 nou
522 991 606 1030 erit
625 991 703 1043 qui
719 990 901 1042 sepeliat.
965 989 1024 1029 Et
1056 989 1211 1029 iterum
1235 1003 1242 1028 ε
1287 987 1372 1028 Vae
1382 986 1640 1039 pastoribus,
1671 985 1750 1038 qui
1776 984 2028 1037 disperdunt
2047 972 2105 1017 82

359 1064 401 1098 et
420 1058 658 1098 dilacerant
669 1072 843 1111 gregem
856 1065 1043 1111 pascuae
1065 1071 1190 1106 meae,
1221 1056 1325 1096 dicit
1354 1055 1579 1096 Dominus.
1655 1054 1754 1094 Ideo
1789 1053 1890 1093 haec
1922 1052 2028 1092 dicit

359 1127 577 1167 Dominus
599 1127 718 1167 Deus
738 1127 882 1167 Israel
898 1126 961 1166 ad
974 1133 1170 1178 pastores
1200 1125 1279 1178 qui
1299 1130 1482 1177 pascunt
1505 1123 1711 1176 populum
1743 1137 1883 1162 meum
1902 1137 1916 1162 .·
1953 1135 2026 1161 vos

358 1195 621 1246 dispersistis
629 1209 802 1248 gregem
826 1209 965 1234 meum
988 1200 1028 1233 et
1047 1193 1225 1233 eiecistis
1245 1206 1310 1232 eos
1326 1198 1367 1232 et
1387 1206 1468 1232 non
1500 1191 1715 1231 visitastis
1746 1190 1849 1231 illos.
1910 1189 2024 1238 Ecce,

357 1277 430 1315 ego
451 1263 632 1303 visitabo
652 1271 780 1316 super
798 1277 871 1303 vos
892 1262 1108 1303 malitiam
1130 1261 1372 1301 studiorum
1395 1267 1644 1309 vestrorum,
1665 1259 1770 1299 dicit
1797 1258 2024 1298 Dominus.

74 1332 153 1400 1⁶20
153 1331 235 1400 fxiii,
253 1341 300 1360 11·
358 1333 575 1384 Propheta
607 1347 788 1386 namque
817 1339 858 1372 et
885 1332 1077 1372 sacerdos
1102 1331 1265 1384 polluti
1295 1336 1399 1370 sunt
1431 1336 1472 1370 et
1506 1329 1551 1369 in
1587 1329 1714 1369 domu
1751 1342 1844 1368 mea
1880 1326 2030 1367 inveni
2045 1346 2080 1375 15

359 1402 522 1441 malum
543 1415 700 1452 eorum,
719 1401 825 1442 dicit
845 1401 1066 1441 Dominus
1084 1415 1098 1441 .·
1129 1406 1169 1440 et
1189 1399 1342 1439 idcirco
1363 1399 1438 1438 via
1458 1411 1602 1438 eorum
1623 1397 1708 1438 erit
1733 1396 1863 1450 quasi
1889 1395 2023 1436 lubri-

357 1485 450 1510 cum
474 1470 519 1510 in
542 1470 732 1519 tenebris,
763 1470 1035 1522 impellentur
1069 1469 1184 1509 enim
1217 1474 1258 1508 et
1292 1474 1488 1508 corruent
1523 1467 1568 1507 in
1601 1481 1660 1515 ea,
1695 1466 1876 1518 afferam
1910 1465 2022 1505 enim

356 1545 485 1590 super
502 1552 567 1578 eos
598 1539 726 1587 mala,
762 1552 926 1578 annum
961 1537 1226 1577 visitationis
1259 1551 1415 1585 eorum,
1450 1535 1556 1576 dicit
1585 1535 1812 1575 Dominus.
1884 1533 1948 1574 Et
1978 1533 2024 1573 in

348 1604 568 1655 prophetis
591 1604 823 1644 Samariae
845 1603 943 1643 vidi
947 1603 1219 1655 fatuitatem,
1241 1609 1282 1642 et
1291 1601 1607 1655 prophetabant
1626 1601 1671 1641 in
1703 1601 1824 1640 Baal
1848 1606 1889 1640 et
1917 1599 2023 1640 deci-

352 1672 531 1724 piebant
540 1674 747 1725 populum
771 1687 909 1713 meum
932 1672 1080 1712 lsrael.
1142 1672 1205 1711 Et
1225 1672 1270 1711 in
1292 1671 1512 1723 prophetis
1532 1670 1766 1710 Ierusalem
1788 1669 1884 1709 vidi
1901 1668 2021 1708 simi·
2041 1681 2080 1701 20

357 1741 583 1782 litudinem
617 1742 879 1782 adulterium
913 1748 954 1782 et
989 1741 1073 1781 iter
1113 1740 1355 1781 mendacii:
1398 1746 1439 1780 et
1477 1740 1828 1790 confortaverunt
1867 1751 2023 1777 manus

349 1810 648 1862 pessimorum,
671 1817 719 1850 ut
740 1825 819 1850 non
841 1816 1185 1850 converterentur
1204 1808 1494 1861 unusquisque
1515 1822 1542 1847 a
1565 1807 1736 1847 malitia
1755 1820 1836 1846 sua
1852 1821 1866 1846 .·
1901 1805 2025 1845 Facti

358 1885 461 1918 sunt
501 1880 614 1919 mihi
651 1894 792 1919 omnes
845 1879 1031 1919 Sodoma
1071 1885 1113 1918 et
1151 1878 1409 1918 habitatores
1452 1877 1542 1917 eius
1591 1876 1719 1929 quasi
1770 1874 2018 1916 Gomorrha.

357 1948 590 1999 Propterea
630 1948 731 1988 haec
768 1948 872 1988 dicit
911 1948 1127 1987 Dominus
1167 1947 1230 1986 ad
1255 1946 1488 1999 prophetas
1507 1962 1521 1987 .·
1561 1960 1641 1986 ecce
1675 1959 1747 1998 ego
1783 1945 1921 1985 cibabo
1957 1959 2022 1984 eos

358 2017 571 2056 absinthio
591 2023 632 2056 et
641 2017 796 2069 potabo
818 2031 883 2056 eos
891 2017 1007 2068 felle.
1069 2018 1108 2055 A
1126 2015 1346 2068 prophetis
1367 2015 1479 2055 enim
1501 2015 1734 2054 Ierusalem
1765 2020 1828 2053 est
1856 2027 2021 2066 egressa
2041 2023 2077 2050 23

348 2085 530 2137 pollutio
565 2092 693 2137 super
725 2100 888 2125 omnem
926 2091 1098 2124 terram.
1176 2084 1298 2124 Haec
1336 2083 1440 2123 dicit
1478 2083 1694 2124 Dominus
1733 2082 2021 2122 exercituum:

359 2154 485 2193 nolite
515 2154 668 2194 audire
700 2154 827 2194 verba
848 2153 1169 2206 prophetarum,
1204 2152 1281 2205 qui
1299 2152 1560 2205 prophetant
1589 2151 1705 2192 vobis
1737 2157 1775 2191 et
1809 2151 2023 2203 decipiunt

357 2237 429 2262 vos
444 2238 457 2263 .·
489 2223 692 2262 visionem
715 2223 826 2262 enim
849 2222 986 2262 cordis
1006 2222 1080 2262 sui
1097 2222 1340 2274 loquuntur,
1364 2235 1445 2261 non
1466 2221 1517 2260 de
1537 2235 1606 2261 ore
1622 2219 1812 2260 Domini.
1856 2219 2023 2259 Dicunt

356 2292 468 2331 enim
491 2292 569 2340 his,
592 2292 670 2344 qui
689 2306 753 2331 me
775 2291 1081 2344 blasphemant,
1095 2291 1283 2330 Locutus
1302 2296 1365 2330 est
1384 2290 1628 2330 Dominus:
1659 2296 1755 2341 pax
1772 2288 1856 2329 erit
1875 2288 1991 2328 vobis
2005 2304 2018 2329 .-

355 2368 395 2401 et
415 2361 541 2410 omni,
563 2361 640 2414 qui
659 2361 906 2401 ambulunt2
928 2361 973 2400 in
990 2360 1212 2413 pravitate
1232 2360 1369 2399 cordz's
1395 2359 1475 2408 sui,
1498 2359 1700 2398 dixerunt
1715 2374 1729 2399 .·
1762 2358 1862 2398 Non
1884 2357 2023 2397 veniet
2038 2374 2077 2402 30

355 2434 484 2479 super
511 2442 577 2467 eos
608 2428 781 2467 malum.
849 2427 958 2477 Quis
987 2427 1100 2467 euim
1133 2427 1264 2478 affuit
1293 2426 1338 2466 in
1369 2426 1539 2466 consilio
1560 2425 1744 2465 Domini
1771 2431 1811 2464 et
1840 2423 1954 2463 vidit
1981 2430 2021 2463 et

356 2497 529 2536 audivit
548 2511 779 2537 sermonem
803 2497 894 2536 eius
909 2498 934 2537 ‚9
971 2496 1079 2547 Quis
1099 2495 1386 2536 consideravit
1405 2495 1577 2534 verbum
1611 2494 1730 2533 illius
1750 2499 1790 2533 et
1809 2491 1983 2532 audivit
1998 2492 2019 2532 ?

356 2565 468 2614 Eece,
490 2566 611 2605 turbo
633 2566 884 2606 Dominicae
904 2565 1219 2618 indignationis
1249 2564 1468 2617 egreditur
1495 2570 1534 2603 et
1555 2568 1776 2614 tempestas
1797 2568 2018 2612 erumpens

354 2641 481 2685 super
508 2641 633 2686 caput
663 2634 892 2686 impiorum
925 2634 1093 2674 veniet:
1140 2647 1221 2673 non
1254 2639 1490 2672 revertetur
1504 2632 1642 2682 furor
1676 2629 1866 2678 Domini,
1889 2643 2018 2681 usque

355 2702 457 2741 dum
466 2703 616 2753 faciat
634 2709 675 2742 et
694 2717 824 2755 usque
845 2703 947 2742 dum
969 2702 1171 2754 compleat
1190 2701 1481 2753 cogitationem
1504 2699 1641 2739 cordis
1660 2698 1739 2738 sui.
1800 2698 1855 2738 ln
1878 2697 2015 2737 novis·
2037 2707 2073 2735 35

354 2771 477 2810 simis
499 2771 644 2812 diebus
665 2771 913 2824 intellegetis
933 2771 1154 2810 ccmsilium
1177 2770 1275 2810 eius.

422 2950 434 2971 ¹
459 2951 630 2985 Illorum.
686 2952 727 2984 In
747 2962 775 2984 c.
799 2959 841 2994 50
858 2949 932 2984 this
950 2960 1055 2984 verse
1076 2949 1104 2983 is
1123 2948 1263 2994 quoted
1282 2947 1318 2982 in
1333 2948 1477 2991 exactly
1495 2948 1557 2982 the
1577 2958 1679 2980 same
1698 2945 1830 2989 words,
1849 2944 1935 2980 with
1954 2945 2017 2980 the

353 3008 545 3050 exception
565 3009 743 3042 oscorum
761 3008 818 3042 for
835 3008 1000 3042 illorum.
1046 3008 1092 3041 D.
1112 3007 1201 3041 here
1220 3006 1328 3040 reads
1346 3016 1485 3039 eorum.

429 3077 660 3110 2Aml1nlant
677 3077 760 3120 <Vg.
781 3077 976 3119 ambulat).
1030 3075 1123 3110 This
1142 3075 1285 3110 variant
1305 3086 1427 3109 seems
1447 3085 1468 3108 a
1486 3081 1657 3108 remnant
1676 3074 1717 3108 of
1731 3073 1793 3108 the
1810 3072 1957 3108 version
1975 3084 2017 3107 as

358 3135 466 3169 made
495 3134 689 3178 originally
708 3135 800 3168 from
830 3135 892 3169 the
914 3135 1031 3177 LXX,
1051 3134 1136 3168 with
1158 3133 1203 3168 its
1221 3135 1294 3168 τοῖς
1313 3136 1561 3178 πορευομένοις
1579 3132 1654 3166 and
1671 3132 1720 3178 τῴ
1740 3135 1964 3178 πορευομένῳ
1983 3130 2019 3164 in

356 3199 426 3226 two
446 3193 526 3225 clau
551 3204 601 3233 οε,
622 3191 740 3225 which
762 3193 881 3226 would
901 3204 942 3226 so
960 3192 1044 3236 gixe
1062 3193 1131 3236 qui
1145 3192 1343 3225 ambulant
1359 3191 1433 3225 and
1451 3191 1519 3235 qui
1533 3190 1709 3224 ambulat.
