2214 3556
211 2617 241 2638 A,
252 2618 280 2639 1).
304 2613 388 2643 1008.

415 284 440 328 3
451 281 475 328 7
485 284 508 315 2
1080 271 1127 317 V
1124 270 1195 318 ita
1226 271 1416 319 Gildae.

414 403 704 446 Nortmannis
736 407 1016 459 Pasqueteno
1053 413 1186 460 atque
1211 407 1441 462 redempto
1473 422 1522 448 ac
1546 413 1702 462 postea
1724 421 1749 448 a
1779 409 1972 462 quodam
1999 422 2074 462 per

414 472 593 513 insidias
617 474 762 514 occiso
786 475 904 514 solus
927 488 1025 515 cum
1051 475 1160 524 filiis,
1183 482 1313 528 prout
1336 483 1522 530 poterat,
1548 477 1719 517 Alanus
1738 477 1878 530 ipsam
1896 478 2074 530 provin-

411 541 523 581 ciam
541 543 730 595 regebat.
768 544 833 584 Ea
849 550 1115 597 tempestate
1130 546 1219 585 duo
1236 547 1502 586 monasteria
1520 546 2073 596 virorum,Lochmenech‚¹

411 611 453 650 id
479 617 545 652 est
569 611 689 652 locus
723 613 1052 663 monachorum,
1085 620 1127 654 et
1160 614 1280 654 locus
1304 616 1443 655 sancti
1478 615 1635 656 Gildae
1668 615 1871 668 effugatis
1904 615 2073 656 habita-

412 680 579 720 toribus
602 681 776 721 deserta
799 688 901 722 sunt
925 689 1058 734 atque
1077 683 1319 723 destructa:
1344 697 1529 736 quorum
1554 683 1826 724 habitatores
1851 684 2071 724 coniuncti
2111 693 2129 723 5

412 749 541 790 simul
580 751 796 803 compulsi
835 759 938 791 sunt
970 752 1135 791 alienas
1160 760 1308 805 petere
1342 754 1541 805 regiones
1565 760 1697 806 atque
1733 753 1774 792 in
1811 753 2071 793 Bituricensi

411 819 588 871 regione
613 833 748 860 novas
772 834 936 873 ponere
968 820 1108 869 sedes,
1140 835 1287 861 secum
1327 821 1574 862 deferentes
1597 828 1850 862 sanctorum
1875 836 2071 875 corpora,

410 894 751 941 sanctarumque
774 889 1030 941 patrocinia,
1050 903 1164 942 quae
1188 895 1292 930 tunc
1315 891 1528 943 temporis
1551 891 1667 943 apud
1690 891 1927 930 Britannos
1961 890 2072 931 festa

410 956 646 997 devotione
670 958 893 1010 nimioque.
917 958 1240 999 venerabantur
1262 958 1434 999 affectu,

497 1025 783 1078 [Moriacensi
808 1027 1025 1079 siquidem
1050 1027 1276 1076 coenobio,
1299 1029 1417 1080 quod
1442 1035 1507 1068 est
1533 1028 1842 1077 Locmenech,1
1866 1035 2067 1081 praeerat
2093 1031 2152 1075 03

409 1107 460 1133 eo
507 1100 705 1147 tempore
762 1095 937 1135 Taneth
982 1095 1147 1151 abbas;
1209 1097 1525 1137 monasterium
1568 1111 1671 1137 vero
1723 1097 1861 1137 sancti
1907 1097 2066 1138 Gildae

409 1163 587 1215 regebat
625 1163 820 1204 Daiocus
857 1164 1117 1204 venerabilis
1160 1165 1276 1205 vitae
1318 1165 1464 1205 abbas.
1532 1166 1618 1204 Hic
1656 1165 1737 1205 sub
1774 1160 1911 1205 altare
1942 1166 2070 1205 huius

407 1238 585 1273 sanctae
608 1233 817 1273 ecclesiae
841 1233 1045 1286 reliquias
1068 1233 1186 1274 beati
1223 1233 1393 1281 Gildae,
1423 1240 1524 1274 octo
1557 1234 1723 1273 scilicet
1747 1234 1802 1273 de
1833 1233 2070 1273 maioribus

407 1301 579 1341 ossibus
624 1303 663 1341 in
708 1302 985 1355 sarcophago
1038 1303 1174 1355 ipsius
1218 1302 1480 1351 recondidit,
1525 1316 1638 1355 quae
1681 1309 1879 1355 ternpore
1922 1308 2072 1342 nostro

406 1377 578 1424 reperta
601 1377 714 1419 sunt,
738 1377 882 1411 cetera
917 1385 1019 1411 vero
1051 1371 1181 1411 simul
1219 1385 1318 1411 cum
1344 1371 1537 1424 reliquiis
1560 1371 1700 1411 sancti
1727 1371 1901 1411 Paterni
1925 1371 2070 1411 Vene-
2092 1380 2127 1409 15

406 1440 541 1480 tensis
585 1441 780 1493 episcopi
824 1446 868 1480 et
910 1440 1095 1480 aliorum
1128 1447 1381 1481 sanctorum
1420 1455 1519 1481 cum
1554 1441 1673 1480 libris
1706 1448 1749 1481 et
1792 1441 2065 1480 ornamentis

408 1509 611 1549 monachi
655 1523 803 1549 secum
846 1509 1175 1550 transtulerunt.
1240 1510 1383 1551 Simili
1421 1511 1554 1550 modo
1588 1523 1644 1549 ex
1683 1510 1802 1549 omni
1840 1510 2070 1550 Britannia

407 1584 658 1618 sanctorum
683 1592 867 1631 corpora
890 1592 967 1631 per
988 1579 1183 1619 diversas
1207 1579 1406 1632 regiones
1430 1585 1531 1619 sunt
1554 1579 1782 1632 dispersa]

496 1646 607 1687 Cum
632 1653 778 1687 autem
803 1647 1100 1699 omnipotenti
1126 1647 1321 1686 Domino
1354 1646 1704 1699 complacuisset,
1727 1653 1773 1686 ut
1796 1653 1839 1686 et
1861 1646 2071 1686 ecclesiae
2092 1651 2153 1695 34

408 1722 661 1756 sanctorum
686 1716 727 1756 in
754 1716 983 1755 Britannia
1016 1722 1365 1756 restaurarentur
1387 1722 1429 1756 et
1452 1730 1559 1769 gens
1586 1716 1851 1764 Brittonum,
1882 1729 1994 1768 quae
2027 1716 2068 1755 in
2090 1732 2128 1752 20

405 1784 557 1824 alienis
591 1784 841 1836 regionibus
866 1785 1025 1824 misero
1049 1783 1182 1824 modo
1204 1784 1428 1832 exulabat,
1452 1784 1505 1824 ad
1530 1784 1728 1837 proprias
1752 1784 1910 1824 rediret
1933 1783 2070 1832 sedes,

406 1860 633 1894 resumunt
666 1853 777 1893 vires
802 1854 959 1893 iterum
986 1854 1186 1894 Britanni
1221 1859 1263 1894 et
1286 1854 1359 1906 qui
1383 1853 1496 1893 intra
1519 1853 1743 1905 regionem
1769 1859 2070 1893 remanserant

404 1927 447 1961 et
469 1921 543 1973 qui
566 1920 750 1973 dispersi
777 1919 947 1959 fuerant
971 1934 1047 1972 per
1071 1920 1268 1972 regiones
1302 1919 1472 1959 collecti
1497 1919 1537 1958 in
1574 1933 1709 1959 unum
1734 1925 1914 1959 sumunt
1937 1932 2071 1969 arma,

405 1996 668 2043 expugnant
712 1989 891 2029 viriliter
943 1989 1091 2029 hostes
1150 2002 1262 2037 suOS,
1315 1995 1430 2028 terra
1470 1988 1666 2040 marique
1713 1987 1911 2040 effugant
1957 1994 1999 2028 et
2046 2002 2070 2027 a

405 2059 572 2099 cunctis
606 2057 764 2098 finibus
787 2058 876 2097 suis
910 2057 1151 2111 expellunt.
1216 2057 1283 2097 Eo
1316 2064 1514 2110 tempore
1544 2063 1637 2096 erat
1659 2070 1806 2096 comes
1844 2057 1884 2096 in
1921 2056 2066 2096 Redo-
2089 2073 2125 2102 25

407 2128 529 2168 nensi
565 2127 741 2167 civitate
775 2126 964 2176 Iuchael,
1000 2127 1074 2179 qui
1107 2132 1150 2166 et
1190 2126 1481 2178 Berengarius
1514 2125 1768 2165 dicebatur:
1801 2125 1870 2164 hic
1912 2124 2068 2165 habuit

409 2195 544 2236 filium
569 2196 746 2236 nomine
766 2195 997 2236 Conanum
1018 2195 1229 2235 illustrem
1254 2201 1296 2235 et
1321 2194 1578 2234 bellicosum
1597 2195 1749 2240 virum,
1765 2207 1821 2233 ex
1846 2207 1934 2246 quo
1949 2201 2069 2233 ortus

407 2271 473 2305 est
507 2264 755 2305 Gaufredus
777 2265 842 2304 vir
864 2271 907 2305 et
930 2265 1023 2317 ipse
1057 2265 1099 2304 in
1138 2264 1270 2303 armis
1304 2270 1518 2312 strenuus
1541 2264 1614 2316 qui
1652 2264 1788 2304 totius
1813 2263 2068 2303 Britanniae

408 2334 709 2374 monarchiam
753 2334 906 2374 tenuit.
992 2333 1078 2373 Hic
1121 2347 1226 2386 ergo
1269 2333 1439 2385 rogavit
1473 2332 1738 2373 Gauzlinum
1776 2332 2067 2372 Floriacensis

407 2410 510 2444 tunc
554 2404 805 2444 monasterii
845 2403 1067 2452 abbatem,
1103 2403 1176 2455 qui
1215 2402 1348 2442 etiam
1378 2408 1533 2455 postea
1567 2402 1827 2442 Bituricensi
1861 2401 2068 2442 ecclesiae
2088 2414 2126 2443 30

408 2472 595 2525 praefuit
633 2473 998 2525 archiepiscopus,
1034 2478 1080 2511 ut
1114 2472 1434 2512 transmitteret
1459 2470 1540 2510 sibi
1582 2471 1774 2510 Felicem
1800 2470 2066 2510 monachum

408 2540 462 2578 ad
496 2540 782 2579 restauranda
819 2539 1097 2587 monasteria,
1131 2551 1244 2590 quae
1273 2544 1398 2577 erant
1425 2538 1465 2576 in
1492 2551 1569 2576 sua
1601 2537 1778 2589 regione
1810 2536 1903 2575 solo
1940 2543 2068 2575 tenus

408 2609 641 2647 destructa.
706 2608 840 2647 Anno
873 2608 1004 2659 igitur
1025 2607 1275 2646 dominicae
1308 2606 1621 2645 incarnationis
1645 2605 1879 2644 millesimo
1911 2610 2068 2644 octavo

410 2677 566 2716 missus
589 2683 654 2716 est
680 2676 807 2716 Felix
830 2690 855 2716 a
877 2690 1009 2728 supra
1041 2676 1160 2715 dicto
1183 2675 1343 2714 abbate
1366 2673 1421 2713 ad
1456 2673 1726 2714 Gaufredum
1751 2673 1971 2721 comitem,
1994 2672 2067 2725 qui

478 2821 488 2841 ¹
516 2821 769 2855 Lachmcneclz.
822 2820 912 2854 This
934 2821 1045 2862 word,
1065 2820 1261 2864 originally
1276 2832 1297 2854 a
1312 2831 1485 2853 common
1505 2830 1617 2860 noun,
1636 2819 1702 2852 has
1722 2819 1877 2852 become
1895 2829 1916 2851 a
1935 2829 2070 2862 proper

409 2891 518 2913 name
536 2892 541 2913 :
570 2880 630 2913 the
651 2879 804 2913 modern
824 2879 917 2913 form
938 2879 966 2913 is
986 2880 1167 2913 Locmind.
1224 2879 1274 2912 Its
1294 2878 1457 2920 interest,
1477 2877 1657 2918 however,
1678 2878 1733 2910 for
1751 2888 1792 2910 us
1806 2875 1835 2909 is
1854 2875 2041 2919 linguistic
2062 2888 2069 2916 ;

411 2946 463 2967 we
483 2934 608 2976 found,
625 2933 659 2967 in
681 2935 741 2968 the
758 2934 990 2977 Penitential‚
1009 2935 1110 2968 locus
1124 2934 1215 2968 used
1235 2932 1449 2967 forcloister
1466 2946 1473 2973 ;
1500 2932 1574 2966 and
1594 2931 1629 2965 in
1649 2931 1721 2966 this
1735 2942 1905 2976 passage,
1921 2930 2068 2964 besides

411 2993 509 3026 locus
533 2994 655 3026 sancti
672 2993 813 3035 Gildae,
839 3004 891 3026 we
918 3004 980 3027 are
1004 2992 1197 3026 furnished
1227 2992 1312 3026 with
1333 2992 1394 3026 the
1421 2990 1659 3036 explanation
1688 2991 1767 3024 that
1785 2989 2002 3024 loc-meneclz
2028 3000 2070 3023 or

410 3051 649 3084 loch-mencclz
670 3062 798 3084 means
826 3052 926 3084 locus
944 3051 1208 3085 monachorum
1229 3063 1236 3091 ;
1264 3051 1298 3084 in
1329 3049 1402 3084 this
1423 3061 1502 3093 way
1522 3049 1669 3082 menecll
1693 3048 1722 3081 is
1751 3060 1773 3082 a
1801 3048 1929 3092 plural,
1949 3047 2068 3080 which

413 3120 496 3151 may
514 3109 559 3141 be
579 3109 779 3152 compared
801 3109 885 3142 with
907 3110 969 3143 the
996 3109 1057 3142 old
1078 3109 1206 3142 Welsh
1233 3108 1398 3151 myneiclt
1426 3107 1485 3149 (cf.
1506 3108 1627 3140 mim'lt
1647 3106 1682 3140 in
1702 3106 1805 3139 Book
1822 3106 1867 3148 qs
1877 3106 1930 3139 St.
1954 3105 2067 3146 Chad,

414 3168 492 3199 (ἢν.
517 3167 653 3199 FAx-ans·
674 3167 775 3200 Book
800 3167 1040 3211 osLlanddv,
1058 3167 1141 3209 xlv),
1161 3167 1234 3200 and
1258 3167 1320 3200 the
1339 3166 1551 3210 compound
1571 3177 1611 3199 as
1630 3176 1651 3198 a
1671 3165 1788 3197 whole
1809 3163 1837 3197 is
1856 3163 2068 3207 equivalent

414 3232 450 3258 to
469 3224 530 3257 the
550 3225 678 3258 Welsh
699 3225 930 3270 mymzcll-log
951 3225 1139 3268 (monachi
1153 3226 1254 3259 locus
1267 3225 1311 3267 Ρ).
