2214 3556
393 259 487 312 ²94

390 629 431 653 10

384 1208 428 1231 20

382 1787 426 1820 30

383 2364 428 2395 40

379 2653 421 2688 45

1046 241 1317 310 Appendzx
1341 235 1393 294 C.

619 396 737 430 usque
755 384 803 418 ad
822 385 970 429 plantas
990 384 1126 428 pedum
1147 396 1153 418 ε
1183 382 1361 427 Capillos,
1380 389 1503 416 cutem
1524 394 1530 416 :

619 442 808 485 verticem,
827 443 1005 476 frontem:
1034 448 1192 485 tergum,
1211 441 1382 475 crebrum
1403 452 1411 481 ;

619 502 758 542 oculos,
777 500 987 545 palpebras,
1006 510 1116 533 nares
1133 511 1141 540 ;
1167 509 1296 543 genas,
1315 509 1435 541 aures,

620 558 730 599 labia,
749 558 893 599 dentes,
911 556 1058 601 gignas,
1075 557 1203 598 facies,
1221 555 1407 599 linguam:

620 616 812 651 oraculum
830 622 943 659 atque
960 613 1208 657 sublinguam,
1228 612 1410 656 maxillas,
1428 618 1611 656 gutorem,

619 681 732 719 atque
750 673 909 714 anelam,
928 671 1078 716 digitos,
1097 671 1254 715 linguas,
1274 671 1542 716 pectusculum,

620 733 827 773 humerum,
847 730 1016 774 salinam,
1035 729 1231 772 cervicem,
1251 729 1437 773 scabulos,

619 789 783 836 prachia,
802 790 973 833 ungulas,
991 799 1137 831 manus,
1155 798 1314 833 pugnos,

622 847 783 893 pugillis,
802 847 958 892 palmas,
976 858 1050 889 cor,
1070 845 1183 889 iacor,
1202 846 1419 891 pulmonem
1438 844 1482 888 (?)

620 905 866 947 stomachum,
885 904 1009 947 effare,
1028 903 1248 948 chidripem,
1267 903 1495 948 intesquina,

618 970 654 998 et
672 974 823 997 omnem
841 969 1021 1005 uentrem,
1040 962 1204 1003 dorsum,
1223 962 1351 1004 latera,
1371 960 1467 995 cutis

616 1020 845 1055 umbiculum
862 1024 898 1054 et
913 1031 1063 1054 omnem
1082 1020 1245 1063 uulgam‚
1265 1018 1540 1064 compaginem,

618 1086 731 1121 artus,
750 1089 877 1121 uenas,
896 1089 1040 1121 carnes,
1058 1077 1177 1112 exitus
1196 1077 1312 1121 cibos,
1331 1078 1515 1112 medullas

618 1135 814 1171 intestinas
832 1134 983 1178 uentris,
1001 1147 1148 1177 neruos,
1167 1134 1264 1170 uires
1282 1139 1318 1169 et

617 1194 765 1238 uirilies,
784 1193 1000 1239 posteriora,
1020 1204 1149 1237 unges,
1167 1193 1310 1238 adipes,
1328 1204 1477 1238 pernas,

621 1254 817 1295 femorum,
835 1262 990 1296 genuas,
1009 1250 1132 1294 tibias,
1151 1251 1266 1295 orula,
1286 1262 1410 1285 surras

614 1315 650 1346 et
665 1321 802 1352 cruraS,
822 1309 949 1354 pedes,
968 1308 1122 1352 calcina,
1142 1309 1326 1354 palantas,
1346 1308 1498 1353 digitos,

617 1369 787 1413 ungulas,
807 1366 1003 1412 sanginem
1022 1371 1057 1401 et
1072 1366 1199 1401 omnia
1217 1368 1387 1402 membra
1406 1366 1515 1401 illius.

618 1428 790 1461 Euacuat
807 1427 911 1460 Deus
929 1437 993 1459 cor
1012 1426 1058 1459 N.
1079 1437 1147 1470 pro
1165 1437 1293 1460 amore
1311 1437 1396 1460 meo
1416 1426 1463 1460 N.

619 1484 761 1519 Adiuro
779 1496 847 1518 uos
866 1495 1008 1526 omnes,
1028 1483 1245 1528 archangeli
1265 1490 1304 1518 ut
1322 1483 1513 1518 euacuatis

617 1555 681 1578 cor
699 1542 796 1577 illius
811 1554 879 1587 pro
896 1554 1024 1576 amore
1038 1553 1133 1576 meo.
1186 1543 1357 1576 Euacuat
1376 1540 1529 1576 Gabriel
1544 1553 1608 1575 cor
1625 1542 1670 1574 N.
1692 1552 1759 1584 pro
1772 1550 1897 1574 amore
1912 1539 2042 1581 (meo);

616 1602 803 1635 AEuacuat
824 1599 965 1634 Mihael
984 1610 1047 1634 cor
1066 1600 1115 1632 N.
1137 1610 1205 1644 pro
1221 1610 1347 1633 amore
1364 1598 1490 1642 (meo).
1542 1599 1728 1632 AEuacuat
1751 1595 1922 1641 Raphiel,

617 1665 788 1693 aeuacuat
807 1657 936 1700 Uriael,
956 1664 1125 1692 muacuat
1144 1656 1286 1701 Sariael,
1304 1663 1474 1692 aeuacuat
1496 1655 1696 1691 Panahiael.

614 1717 757 1751 Adiuro
775 1728 842 1751 uos
860 1715 994 1760 angeli,
1014 1715 1242 1760 archangeli,
1262 1714 1481 1760 patriarche,
1504 1715 1751 1756 consessores,

615 1775 818 1820 apostolos,
837 1773 1019 1814 martires,
1039 1780 1077 1807 ut
1096 1773 1300 1808 aeuacuatis
1318 1785 1382 1807 cor
1402 1774 1447 1807 N.
1468 1784 1535 1817 pro
1553 1783 1681 1806 amore
1701 1783 1796 1806 meo.

614 1832 757 1867 Adiuro
775 1844 842 1866 uos
861 1831 996 1875 throni,
1016 1831 1298 1875 dominationis,
1318 1831 1515 1876 chiruphin

615 1896 651 1925 et
668 1890 846 1936 seraphin
865 1897 903 1925 ut
921 1889 1112 1924 euacuatis
1131 1901 1195 1924 cor
1214 1891 1261 1924 N.
1281 1901 1350 1934 pro
1367 1901 1495 1924 amore
1513 1901 1607 1924 meo.

615 1949 757 1983 Adiuro
775 1960 842 1982 uos
862 1947 1032 1982 martires
1052 1954 1090 1982 ut
1109 1947 1301 1982 euacuatis
1321 1959 1384 1982 cor
1404 1948 1451 1981 N.
1471 1958 1539 1992 pro
1558 1958 1685 1981 amore
1704 1946 1830 1990 (meo).

614 2006 755 2041 Adiuro
773 2018 840 2040 uos
859 2017 989 2040 omnes
1008 2005 1171 2050 virgines
1188 2009 1225 2039 et
1241 2005 1362 2049 uidue,
1381 2005 1512 2040 adiuro
1531 2017 1598 2039 uos
1615 2006 1746 2048 sancti,

615 2065 747 2100 adiuro
766 2076 833 2098 uos
851 2076 983 2098 omnes
1001 2063 1156 2098 virtutes
1176 2064 1333 2098 celestes
1353 2071 1390 2098 ut
1410 2062 1601 2098 euacuatis
1620 2075 1683 2097 cor
1703 2064 1762 2105 N.,

613 2123 744 2158 adiuro
761 2134 829 2157 uos
848 2123 978 2157 caelum
997 2126 1033 2156 et
1049 2130 1184 2157 terram
1203 2127 1239 2156 el
1254 2123 1372 2157 solem
1391 2129 1426 2157 et
1445 2123 1571 2156 lunam
1591 2128 1626 2156 et

614 2190 746 2213 omnes
765 2179 902 2219 stellas,
921 2179 1066 2223 fulgora
1083 2183 1119 2213 et
1135 2179 1253 2213 nubes
1271 2183 1307 2213 et
1322 2186 1455 2213 ventos
1472 2182 1508 2212 et

613 2233 758 2279 pluuias
775 2237 810 2267 el
826 2233 922 2278 ignis
940 2238 975 2267 et
992 2235 1154 2268 calorem
1174 2241 1211 2269 ut
1231 2233 1421 2268 euacuatis
1441 2246 1505 2268 cor
1525 2235 1571 2268 N.
1592 2245 1659 2278 pro
1677 2244 1805 2268 amore
1822 2233 1948 2276 (meo).

610 2292 752 2326 Adiuro
770 2304 836 2326 uos
855 2299 985 2326 noctes
1002 2297 1038 2326 et
1053 2292 1145 2336 dies,
1165 2293 1317 2327 tenebre
1337 2300 1372 2327 et
1391 2293 1480 2326 luna
1499 2299 1536 2326 ut
1556 2293 1759 2335 euacuatis,

619 2350 750 2385 adiuro
770 2362 836 2384 uos
855 2349 960 2394 ligna
979 2350 1105 2385 omnia
1122 2354 1158 2384 et
1175 2350 1317 2396 lapides
1336 2357 1371 2385 et
1389 2362 1504 2385 onore
1523 2358 1558 2385 et
1576 2357 1764 2384 momenta

613 2417 652 2444 ut
671 2409 861 2444 euacuatis
880 2421 944 2444 cor
963 2411 1011 2443 N.
1034 2422 1102 2454 pro
1122 2422 1249 2444 amore
1268 2422 1363 2444 meo.

615 2468 757 2502 Adiuro
776 2480 843 2502 uos
862 2468 1031 2502 uolucres
1050 2468 1143 2502 coeli
1163 2476 1198 2503 et
1218 2480 1347 2502 omnes
1365 2467 1509 2502 bestiae
1527 2467 1618 2511 agri,

614 2534 650 2561 et
669 2526 835 2560 iumenta
854 2533 888 2560 et
908 2525 1055 2571 reptilia
1073 2533 1110 2560 ut
1129 2527 1303 2560 uacualz's
1321 2537 1385 2560 cor
1405 2527 1451 2559 N.
1472 2537 1539 2570 pro
1557 2537 1684 2559 amore
1703 2536 1798 2559 men.

609 2584 752 2618 Adiuro
771 2596 838 2618 uos
858 2584 981 2629 pisces
1002 2584 1114 2618 maris
1133 2588 1168 2618 et
1185 2596 1316 2619 omnes
1336 2596 1496 2627 uermes,

614 2650 709 2677 terre
728 2650 764 2677 et
782 2654 913 2677 omnes
931 2642 1086 2677 virtutes
1104 2647 1140 2676 el
1156 2650 1374 2688 potestates,

614 2712 686 2745 que
706 2712 821 2745 super
836 2701 980 2734 caelum
998 2704 1034 2734 el
1050 2707 1184 2735 terram
1204 2700 1273 2735 sub
1292 2701 1372 2734 celo
1389 2703 1426 2733 et
1442 2707 1549 2741 terra,

613 2763 649 2792 et
665 2759 734 2792 sub
754 2769 855 2792 mare
874 2765 961 2792 sunt
980 2765 1018 2792 ut
1037 2760 1234 2792 euacualis
1252 2769 1316 2792 cor
1334 2757 1416 2801 (N.)
1435 2769 1502 2802 pro
1521 2768 1648 2790 amore
1667 2756 1792 2799 (meo).

612 2815 755 2849 Adiuro
775 2827 842 2849 uos
864 2814 960 2849 Petri
979 2819 1014 2849 et
1032 2816 1136 2849 Pauli
1156 2822 1191 2850 et
1210 2814 1355 2860 reliqua
1373 2814 1538 2848 omnium
1558 2818 1775 2848 sanctorum

613 2882 651 2908 ut
670 2875 866 2908 euacualz's
884 2885 948 2908 cor
966 2886 1033 2918 pro
1050 2886 1178 2908 amore
1197 2885 1291 2908 meo.
1343 2873 1485 2907 Adiuro
1504 2884 1583 2915 uos,

614 2933 801 2970 Matheus,
824 2933 986 2975 Marcus,
1008 2933 1127 2966 Lucas
1147 2939 1182 2966 et
1201 2932 1392 2976 Johannes

614 2997 651 3024 ut
670 2989 861 3024 euacuatis
880 3001 944 3024 cor
963 2990 1009 3024 N.
1030 3002 1097 3035 pro
1115 3002 1243 3024 amore
1261 3001 1356 3024 meo.

467 3126 728 3167 Comments
759 3139 816 3166 on
851 3126 927 3166 the
958 3126 1158 3179 Latinity
1181 3126 1269 3166 and
1304 3131 1465 3166 matter
1499 3124 1549 3165 of
1576 3124 1663 3166 this
1699 3123 1918 3176 fragment
1953 3120 2038 3163 will

381 3193 469 3234 find
499 3195 611 3234 their
634 3208 754 3234 more
776 3195 1062 3248 appropriate
1085 3194 1209 3248 place
1232 3193 1462 3235 hereaster.
