2173 3556
31 520 140 548 [ζει-[ΙΙ.
158 519 259 551 xxxix,

73 568 119 596 23,
139 568 184 594 24·

31 1219 102 1251 Sap.
123 1218 140 1249 l,
163 1227 185 1245 1.

31 1743 104 1779 Sap.
125 1741 143 1774 i.
164 1751 188 1770 1.

31 1971 104 2006 Sap·
124 1970 141 2001 i,
161 1978 186 1997 2.

32 2483 103 2514 l'x'zp.
126 2481 142 2513 i,
162 2491 186 2517 3.

325 259 415 301 144
825 241 902 287 De
929 241 1138 288 Excidio
1163 240 1478 286 Britanniae.

314 391 455 417 omnes
486 377 686 426 immistis,
707 391 813 429 quas
830 377 950 428 fecit,
973 391 1053 416 mm
1085 383 1210 416 erunt
1231 376 1275 416 in
1299 376 1529 415 memoria:
1562 375 1606 414 in
1629 375 1773 415 delicto
1793 389 1878 425 suo,
1901 391 1980 429 quo

315 446 480 494 excidit,
521 452 561 485 et
601 445 645 485 in
680 445 862 498 pcccatis
900 445 1003 494 suis,
1043 445 1197 498 quibus
1238 444 1437 497 peccavit,
1480 443 1693 483 morietur.
1779 443 1837 482 Et
1880 451 1979 496 post

314 514 567 566 aliquanta:
600 514 661 553 Et
689 514 819 553 „vc-ivus
850 528 990 553 <nunes
1013 520 1170 565 gentes,
1193 513 1295 565 qnia
1317 518 1493 564 propter
1514 517 1684 563 pec-calcz
1713 525 1793 550 sna
1823 512 1984 563 captivi

313 582 432 621 ducti
459 588 560 621 sunl
591 581 740 621 domus
772 581 918 628 lsrad,
951 596 992 620 co
1025 581 1140 633 qnod
1167 581 1431 633 reliquerunt
1453 593 1524 618 mc.
1588 578 1648 617 lit
1668 579 1978 629 avertifacicm

315 665 449 690 meam
481 650 533 690 ab
555 650 614 690 eis
637 657 676 689 et
697 650 866 689 {radidi
884 664 949 689 cos
970 650 1014 689 in
1039 664 1193 688 manus
1214 649 1484 688 inimicormn
1507 647 1596 686 eius
1617 653 1657 685 ct
1676 661 1817 686 omncs
1829 647 1979 699 gladio
2018 661 2034 688 5

311 720 553 760 [eciderunt.
619 719 860 759 Secundum
903 719 1204 758 imnmnditizzs
1243 733 1345 758 suas
1384 725 1422 757 ct
1461 716 1688 756 secundum
1731 716 1980 768 iniquitates

313 788 516 840 satisfeci
536 788 634 835 illis,
656 795 696 827 el
716 787 1027 839 avertifaciem
1052 802 1187 827 nicam
1210 787 1262 826 ab
1283 787 1351 826 eis.

404 858 527 897 Haec
549 858 604 897 de
627 863 878 897 sanctorum
895 856 1227 908 prophetarum1
1251 855 1380 895 minis
1403 855 1569 894 dixisse
1592 853 1802 894 sufficiat:
1835 868 1976 906 pauca
1998 853 2056 893 62

314 933 487 966 tantum
516 926 570 965 de
602 926 820 978 sapientia
847 925 1111 974 Salomonis,
1134 939 1247 978 quae
1270 925 1627 965 adhortationem
1651 924 1719 964 vel
1742 925 1974 964 denuntia-

313 995 478 1034 tionem
512 995 767 1046 exprimant
799 994 974 1046 regibus
1007 1007 1092 1033 non
1120 994 1263 1033 minus
1286 1007 1420 1046 quam
1455 994 1596 1032 minas
1629 992 1729 1032 huic
1761 993 1974 1044 opusculo
1998 1007 2033 1025 10

313 1064 500 1103 inserere
532 1063 826 1102 necessarium
860 1063 982 1111 duxi,
1006 1076 1059 1102 ne
1091 1063 1245 1102 dicant
1279 1076 1348 1102 me
1370 1063 1521 1114 gravia
1544 1068 1587 1102 et
1611 1061 1908 1114 importabilia
1932 1062 1973 1100 in

314 1133 520 1172 humeros
553 1131 784 1171 hominum
817 1131 1048 1171 verborum
1083 1144 1217 1170 onera
1248 1131 1359 1170 velle
1393 1132 1631 1183 imponere,
1662 1130 1803 1181 digito
1826 1136 1972 1169 autem

314 1215 412 1240 meo
434 1215 497 1249 ea,
521 1200 562 1240 id
586 1206 652 1240 est
674 1200 969 1239 consolatorio
988 1198 1137 1246 affatu,
1156 1199 1271 1238 nolle
1290 1212 1475 1238 movere.
1540 1198 1790 1237 Audiamus
1815 1198 1976 1249 itaque,

313 1270 418 1322 quid
442 1270 660 1322 propheta
683 1269 810 1310 dixit.

576 1357 788 1409 Dz‘lzgite,2
806 1357 958 1409 inquit,
981 1356 1207 1405 iustitiam,
1228 1355 1306 1408 qui
1324 1355 1526 1395 iudicatis
1546 1362 1716 1395 terram.
1999 1377 2034 1405 15

316 1448 414 1487 Hoc
438 1461 573 1487 unum
597 1446 901 1487 testimonium
931 1446 966 1485 si
998 1452 1094 1486 toto
1123 1445 1254 1485 corde
1287 1451 1542 1494 servaretur,
1564 1444 1739 1484 abunde
1769 1444 1823 1483 ad
1848 1444 1976 1483 corri-

317 1518 510 1569 gendum
548 1516 716 1569 patriae
750 1515 884 1555 duces
921 1514 1150 1554 sufficeret.
1227 1514 1342 1553 Nam
1379 1513 1413 1553 si
1451 1513 1713 1553 dilexissent
1750 1513 1976 1561 iustitiam,

313 1585 546 1638 diligerent
578 1585 729 1637 utique
761 1585 927 1624 sontem
961 1584 1295 1636 quodammodo
1317 1589 1360 1623 et
1382 1583 1595 1633 originem
1618 1582 1754 1621 totius
1786 1583 1976 1622 iustitiae

317 1654 476 1694 Deum.

722 1710 891 1751 Servile
912 1709 1114 1749 D07lli7203
1136 1709 1181 1748 in.
1203 1708 1387 1748 bonitale
1997 1723 2034 1741 20

717 1786 756 1819 el
778 1779 823 1818 in
844 1779 1116 1831 simplicitate
1135 1778 1272 1817 cordis
1292 1777 1481 1830 quaerite
1501 1791 1606 1817 cum.

319 1872 418 1911 Heu
442 1872 575 1923 “quis
606 1871 800 1911 victurus
832 1869 932 1919 est,”
956 1877 1003 1910 ut
1036 1869 1216 1922 quidam
1250 1875 1352 1909 ante
1386 1869 1483 1908 nos4
1504 1870 1576 1915 ait,
1591 1872 1611 1887 “
1626 1869 1805 1921 quando
1837 1869 1920 1908 ista
1953 1883 1977 1908 a

314 1941 481 1980 civibus
504 1939 819 1992 perficiantur,'’
842 1941 876 1979 si
900 1947 1048 1979 tamen
1073 1952 1259 1991 usquam
1283 1938 1429 1991 perfici
1455 1945 1650 1990 possunt,

546 2020 746 2073 quoniam
770 2020 992 2059 iuvenitur
1010 2018 1062 2058 ab
1084 2018 1152 2057 ln‘s
1172 2018 1250 2070 qni
1268 2032 1348 2057 non
1371 2025 1579 2070 templant
1599 2018 1735 2067 illum,

545 2096 720 2141 apparet
739 2095 880 2128 (intem
903 2088 972 2137 cis,
993 2087 1213 2141 quifidcm
1237 2087 1390 2127 habent
1411 2087 1455 2127 in
1477 2102 1581 2127 eum.
1995 2112 2032 2139 25

405 2180 519 2220 Nam
554 2180 623 2220 isti
656 2180 749 2220 sine
782 2186 981 2232 respectu
1015 2184 1237 2231 temptant
1273 2178 1431 2227 Deum,
1454 2179 1575 2218 cuius
1608 2184 1842 2231 praecepta
1874 2192 1975 2218 con-

316 2250 478 2289 tumaci
525 2250 808 2301 despectione
859 2254 1151 2289 contemnunt
1201 2260 1280 2286 nec
1331 2247 1460 2287 fidem
1514 2254 1689 2287 servant
1741 2247 1814 2296 illi,
1855 2248 1977 2287 cuius

315 2318 501 2357 oraculis
531 2318 705 2358 blandis
733 2318 800 2358 vel
835 2317 1159 2370 aliquantulum
1190 2317 1353 2356 severis
1387 2317 1567 2356 dorsum
1602 2322 1778 2357 versant
1812 2322 1855 2356 et
1890 2330 1975 2356 non

316 2387 481 2426 faciem.

624 2446 859 2485 l'crversac
879 2444 990 2484 enim
1013 2444 1282 2496 agitationes
1301 2450 1502 2495 separant
1523 2458 1549 2482 a
1570 2443 1668 2483 Deo.
1997 2474 2034 2501 30

320 2529 376 2568 Et
409 2529 490 2568 hoc
525 2530 565 2568 in
591 2531 790 2582 tyrannis
817 2529 951 2569 nostri
975 2530 1186 2582 temporis
1210 2529 1438 2581 perspicue
1461 2527 1811 2580 deprehenditur.
1887 2528 1974 2569 Sed

316 2598 421 2650 quid
446 2605 595 2638 nostra
611 2598 908 2639 mediocritas5
931 2598 1031 2638 huic
1054 2609 1144 2638 tam
1165 2604 1318 2651 aperto
1340 2597 1486 2638 sensui
1512 2597 1741 2636 miscetur?
1774 2596 1978 2648 loquatur

387 2782 394 2801 ¹
426 2783 611 2826 l'rofiln'm
625 2796 637 2816 .·
667 2782 866 2827 regarding
887 2784 1063 2817 Solomon
1083 2795 1125 2816 as
1144 2783 1164 2798 “
1183 2783 1374 2827 l’rophet‚⁷'
1393 2793 1454 2816 see
1474 2794 1507 2826 1).
1528 2791 1600 2824 139.

385 2850 397 2870 2
426 2852 584 2895 ln‘lzjgsle
609 2879 615 2885 .
646 2879 653 2885 .
683 2880 690 2885 .
737 2853 817 2886 The
833 2852 1046 2897 quotations
1064 2852 1184 2886 which
1203 2851 1316 2896 begin
1335 2853 1422 2885 here
1441 2851 1532 2885 from
1554 2851 1615 2885 the
1633 2850 1732 2884 book
1750 2850 1791 2884 of
1803 2849 1974 2884 W'isdom

316 2908 389 2941 and
410 2909 501 2941 from
524 2909 809 2943 Ecclesiasticus
841 2910 875 2943 in
901 2911 962 2944 the
984 2917 1069 2944 next
1089 2909 1241 2951 semion,
1260 2921 1300 2943 as
1320 2910 1398 2943 well
1423 2921 1464 2943 as
1493 2910 1598 2942 those
1627 2909 1778 2952 already
1795 2908 1909 2942 found
1941 2907 1976 2941 in

317 2978 366 2998 cc.
390 2975 443 3009 35,
465 2968 518 3007 36,
542 2979 651 3009 agree
673 2968 705 3000 in
726 2969 787 3002 the
815 2968 913 3001 main
934 2968 1019 3001 with
1046 2968 1108 3002 the
1135 2974 1209 3001 text
1236 2968 1349 3001 found
1377 2967 1411 3000 in
1440 2968 1501 3001 the
1520 2968 1680 3011 Vulgate
1700 2966 1835 3000 Bibles.
1886 2965 1977 2999 This

319 3023 346 3055 is
379 3025 439 3057 the
461 3025 532 3057 Old
563 3025 679 3066 Latin,
699 3038 740 3059 as
767 3027 828 3060 the
855 3027 973 3059 books
992 3038 1086 3060 were
1113 3034 1177 3060 not
1204 3026 1347 3060 revised
1374 3026 1422 3070 by
1440 3026 1598 3070 Jerome.
1651 3024 1671 3040 “
1688 3025 1838 3057 Nullam
1866 3022 1976 3057 aliam

320 3088 515 3125 nti-umque
538 3082 632 3115 Libri
652 3083 864 3127 Sapientiae
883 3091 917 3118 ct
938 3083 1190 3118 Ecclesiastici
1208 3083 1377 3118 Latinam
1390 3083 1610 3118 Versionem
1629 3082 1814 3117 edidimus
1833 3088 1979 3126 praeter

321 3137 419 3171 illam
446 3151 540 3183 quae
570 3148 734 3182 prostat3
762 3141 945 3186 hodieque
974 3142 1108 3186 legitur
1138 3141 1172 3175 in
1203 3143 1237 3175 S.
1274 3141 1401 3175 Bibliis
1432 3142 1616 3185 Vulgatae
1644 3139 1842 3174 editionis:
1885 3139 1978 3172 haec

326 3196 423 3228 enim
445 3208 517 3229 non
538 3197 658 3231 differt
677 3199 724 3231 ab
744 3198 907 3243 Antiqua
926 3199 1106 3233 Yersione
1127 3199 1270 3241 Latina,
1290 3211 1364 3241 seu,
1384 3206 1421 3232 ut
1449 3198 1550 3232 aiunt
1579 3196 1707 3231 Italica
1727 3209 1734 3237 ;
1761 3195 1834 3229 imo
1852 3207 1924 3229 una
1943 3202 1977 3229 et
