2214 3556
15 1221 22 1241 >

446 279 470 322 3
481 277 502 322 5
513 263 538 305 8
1107 259 1154 304 V
1152 259 1222 305 ila
1264 256 1454 304 Gz‘ldae.

445 386 602 428 Gildae
646 385 805 438 recepit
849 397 945 424 eam
990 384 1030 423 in
1067 383 1272 435 coniugio
1305 382 1384 421 sibi
1424 383 1730 434 copulandam.
1794 382 1957 423 Beatus
2002 398 2104 424 vero

447 463 599 504 Gildas
622 461 850 502 revertitur
873 460 927 500 ad
954 461 1268 501 monasterium
1292 473 1432 509 suum,
1455 459 1623 512 pollens
1656 459 1781 499 claris
1805 461 2048 502 virtutibus.

535 541 728 580 Peractis
751 539 882 591 igitur
906 539 1070 591 nuptiis
1093 538 1238 591 coepit
1261 544 1474 590 tyrannus
1497 550 1705 589 sponsam
1730 536 1875 577 fovere
1898 538 2105 579 dilectam
2133 554 2189 584 22

448 624 491 658 et
514 623 561 657 ut
583 616 790 669 cognovit
814 629 910 656 eam
935 616 1187 668 concepisse
1211 615 1253 654 in
1272 621 1407 662 utero,
1423 614 1633 666 cogitavit
1651 627 1748 654 eam
1766 615 1965 655 occidere
1980 616 2111 656 solito

451 708 581 734 more.
644 693 731 735 Sed
768 694 1081 745 pertimescens
1117 693 1431 740 iusiurandum,
1463 693 1581 744 quod
1619 699 1775 745 pactus
1808 692 1948 733 fuerat
1980 693 2111 734 beato
2151 714 2167 742 5

451 771 620 819 Gildae,
643 769 749 810 dicit
773 769 889 821 apud
914 782 959 808 se
982 782 1068 808 non
1093 783 1222 821 posse
1245 783 1290 809 se
1306 769 1454 809 fallere
1477 775 1678 810 sanctum
1703 771 1853 810 virum.
1903 771 2111 813 Timebat

450 848 566 888 enim
602 847 710 886 iram
749 846 819 886 dei
858 846 1087 896 incurrere,
1113 847 1147 886 si
1184 846 1425 895 mulierem,
1447 859 1578 898 quam
1615 847 1670 886 de
1705 860 1836 886 manu
1861 848 1999 888 sancti
2032 849 2111 888 viri

452 923 608 964 Gildae
630 928 893 975 susceperat,
916 922 1108 962 nefando
1130 936 1234 962 ense
1257 923 1505 963 interimere
1527 930 1767 964 conaretur.
1834 925 1894 964 At
1911 925 2113 965 diabolus

451 1014 474 1040 e
509 1005 660 1039 contra
693 1000 946 1039 occasiones
975 999 1056 1039 sibi
1095 1000 1326 1049 ministrat,
1349 1014 1546 1041 asserens
1584 1015 1670 1041 non
1704 1008 1904 1054 oportere
1937 1016 2036 1042 eum
2070 1003 2110 1042 in

451 1083 624 1117 tantum
649 1077 931 1117 sanctitatem
956 1077 1072 1116 beati
1097 1076 1255 1118 Gildae
1278 1077 1444 1126 timere,
1467 1084 1514 1118 ut
1537 1078 1655 1130 quod
1681 1077 1822 1118 facere
1845 1079 2112 1127 decreverat,
2135 1097 2172 1117 10

451 1154 571 1194 velut
593 1154 774 1194 timidus
811 1160 855 1194 et
892 1154 1053 1194 nullius
1086 1154 1298 1194 audaciae
1335 1154 1470 1194 homo
1505 1162 1684 1208 propter
1716 1141 1939 1208 quendam
1964 1170 2115 1196 mona-

452 1231 581 1270 chum
626 1231 680 1270 ad
723 1230 930 1271 effectum
973 1231 1132 1270 ducere
1174 1231 1428 1272 dimitteret.
1506 1232 1678 1272 Interea
1727 1233 1882 1274 mulier
1919 1233 2116 1285 pluribus

452 1309 622 1348 indiciis
646 1308 890 1360 percipiens
913 1309 1110 1347 animum
1135 1309 1227 1348 eius
1251 1307 1537 1348 furibundum
1575 1309 1808 1350 adversum
1833 1323 1878 1349 se
1911 1323 1962 1350 eo
1997 1311 2113 1363 quod

451 1385 632 1438 gravida
655 1391 781 1431 esset,
803 1385 960 1439 timore
983 1385 1213 1437 perterrita
1236 1385 1278 1424 in
1303 1385 1451 1437 fugam
1477 1385 1664 1426 latenter
1686 1385 1836 1439 elapsa
1857 1393 1934 1427 est.
1983 1386 2115 1440 Quod

453 1471 499 1502 ut
522 1461 730 1514 cognovit
753 1461 817 1501 vir
839 1462 929 1501 eius
954 1461 1191 1511 maleficus,
1215 1462 1380 1502 maiore
1416 1463 1501 1502 iam
1538 1463 1600 1502 ira
1633 1477 1870 1503 succensus
1893 1464 2116 1504 insecutus
2138 1481 2173 1509 15

453 1547 518 1581 est
541 1553 663 1580 eam:
695 1552 828 1592 quam
853 1553 951 1579 cum
976 1539 1213 1579 invenisset
1245 1540 1372 1580 iuxta
1395 1540 1510 1580 viam
1539 1540 1749 1581 latentem
1774 1542 1855 1581 sub
1879 1541 2118 1591 frondibus,

454 1618 686 1660 eratenim
724 1631 781 1657 ex
818 1618 971 1657 itinere
1004 1617 1200 1670 fatigata,
1223 1624 1436 1670 exempto
1473 1632 1681 1659 mucrone
1715 1620 1964 1673 amputavit
1986 1625 2118 1672 caput

454 1697 547 1736 eius
570 1701 612 1736 et
635 1695 695 1734 sic
718 1694 898 1734 demum
922 1694 976 1734 ad
1000 1695 1184 1735 domum
1209 1709 1333 1735 suam
1360 1709 1557 1736 reversus
1581 1702 1656 1736 est.

544 1774 673 1813 Pater
704 1772 835 1825 igitur
869 1771 982 1811 illius
1015 1772 1209 1821 audiens,
1243 1772 1362 1825 quod
1398 1773 1629 1814 accidisset
1662 1773 1776 1814 filiae
1808 1788 1924 1824 suae,
1959 1787 2121 1826 magno
2144 1785 2201 1828 23

456 1864 693 1891 concussus
729 1849 881 1889 dolore
915 1849 996 1889 sub
1032 1863 1193 1901 magna
1230 1850 1512 1892 festinatione
1556 1866 1663 1892 mox
1702 1853 1821 1894 misit
1853 1854 1908 1894 ad
1942 1854 2120 1894 beatum
2140 1877 2179 1897 20

458 1929 636 1969 Gildam
660 1927 810 1967 dicens
832 1942 839 1966 :
870 1926 1016 1966 Redde
1038 1927 1149 1967 milli
1164 1928 1315 1981 filiam
1339 1943 1487 1979 meam,
1510 1930 1614 1983 quia
1636 1938 1816 1983 propter
1842 1938 1962 1972 tuam
1993 1932 2122 1972 inter-

457 2005 677 2045 cessionem
705 2003 886 2055 perdz'dz'
915 2004 1047 2044 illam.
1114 2005 1315 2057 Cognosce
1350 2007 1475 2055 enim,
1499 2008 1602 2060 quia
1630 2009 1708 2061 qui
1733 2009 1778 2048 in
1811 2009 2004 2062 coniugio
2031 2024 2123 2050 eam

459 2084 508 2123 de
550 2096 681 2122 manu
718 2088 794 2121 tua
829 2082 990 2134 accepit,
1022 2083 1200 2135 proprio
1233 2083 1384 2135 gladio
1424 2099 1516 2125 eam
1560 2086 1789 2138 iugulavit.
1866 2087 2009 2140 Super
2042 2087 2125 2127 hoc

461 2161 593 2213 igitur
634 2165 812 2199 sanctus
849 2160 913 2199 vir
954 2159 1083 2200 valde
1124 2167 1377 2202 commotus
1413 2164 1615 2203 concitus
1653 2165 1773 2205 venit
1807 2164 1861 2204 ad
1900 2165 2124 2217 quandam

462 2233 842 2283 munitiunculam,
884 2234 956 2274 ubi
1000 2235 1223 2288 praefatus
1258 2242 1473 2289 tyrannus
1511 2238 1754 2288 habitabat,
1789 2239 1940 2279 volens
1988 2239 2044 2279 ab
2075 2253 2127 2279 eo
2145 2255 2182 2283 25

461 2308 622 2357 audire,
645 2315 790 2349 utrum
815 2309 908 2361 ipse
923 2310 1155 2362 coniugem
1175 2324 1312 2361 suam,
1327 2312 1440 2353 sicut
1459 2326 1606 2353 rumor
1627 2312 1806 2363 ferebat,
1825 2314 2127 2354 interemisset.

462 2385 629 2425 Verum
672 2390 888 2436 tyrannus
942 2384 1014 2424 ubi
1067 2386 1203 2426 sensit
1255 2392 1456 2427 sanctum
1502 2387 1681 2429 Gildam
1734 2389 2128 2442 approprinquare,

464 2458 688 2511 praecepit
721 2459 900 2498 ostiario
941 2459 1112 2509 domus,
1148 2473 1201 2500 ne
1248 2460 1337 2500 ullo
1381 2464 1513 2501 modo
1551 2469 1753 2502 sanctum
1806 2463 1946 2502 virum
1991 2463 2044 2502 ad
2083 2476 2128 2502 se

465 2534 737 2586 permitteret
761 2533 953 2586 ingredi:
985 2535 1151 2576 sciebat
1174 2537 1290 2575 enim
1314 2550 1359 2576 se
1379 2538 1420 2576 in
1446 2537 1591 2577 Deum
1616 2544 1658 2578 et
1683 2538 1723 2577 in
1749 2538 1924 2578 beatum
1951 2538 2127 2578 Gildam

466 2608 701 2660 deliquisse
736 2623 811 2661 per
847 2609 942 2658 hoc,
976 2611 1093 2662 quod
1131 2624 1314 2651 uxorem
1345 2625 1469 2651 suam
1508 2613 1738 2652 occiderat.
1803 2612 1890 2653 Sed
1929 2612 2130 2664 quamvis
2148 2628 2186 2656 30

469 2684 550 2723 hoc
585 2697 670 2723 non
707 2684 938 2735 ignoraret,
962 2698 1085 2724 orare
1117 2691 1264 2725 tamen
1298 2693 1498 2726 sanctum
1533 2688 1672 2726 virum
1711 2687 2046 2738 dedignabatur,
2086 2693 2131 2726 ut

471 2758 558 2797 suis
612 2758 813 2809 precibus
863 2758 1080 2798 obtineret
1122 2760 1239 2811 apud
1300 2760 1458 2809 Deum,
1512 2767 1729 2813 quatenus
1785 2760 1909 2800 daret
1971 2761 2006 2799 ei
2060 2774 2132 2799 cor

472 2831 709 2870 contritum
733 2838 775 2871 et
811 2832 1089 2872 humiliatum
1124 2834 1178 2873 ad
1203 2835 1420 2885 agendam
1456 2835 1773 2886 paenitentiam
1798 2835 1852 2874 de
1877 2834 1992 2873 malo
2015 2833 2131 2886 quod

473 2912 630 2957 egerat.
694 2906 807 2946 Cum
831 2920 935 2959 ergo
958 2914 1135 2948 sanctus
1160 2907 1313 2948 Gildas
1335 2909 1409 2948 diu
1433 2909 1650 2961 pulsasset
1684 2909 1738 2948 ad
1764 2917 1934 2962 portam
1959 2908 2135 2961 tyranni

475 2985 517 3019 et
542 2979 684 3018 nullus
718 2980 755 3019 ei
779 2981 976 3032 aperiret,
999 2983 1074 3022 sed
1099 2983 1244 3034 potius
1277 2983 1333 3023 ab
1365 2983 1431 3023 his
1463 2984 1536 3036 qui
1561 2990 1684 3024 erant
1708 2984 1823 3023 intus
1856 2983 2137 3031 derideretur,
2155 3000 2192 3028 35

476 3054 614 3093 oravit
640 3054 845 3103 Deum,si
869 3056 961 3095 eius
985 3057 1074 3096 vita
1092 3057 1133 3096 in
1159 3057 1313 3097 melius
1333 3071 1418 3098 non
1437 3065 1551 3098 esset
1576 3059 1801 3105 mutanda,
1820 3064 1866 3097 ut
1884 3058 2138 3110 dignaretur

480 3127 670 3166 malitiae
694 3128 784 3167 eius
804 3127 934 3169 finem
959 3130 1194 3183 imponere.
1239 3131 1473 3185 Completa
1491 3133 1639 3185 itaque
1658 3132 1857 3172 oratione
1880 3131 2138 3171 circumiens

480 3205 618 3239 totam
659 3203 960 3252 munitionem,
999 3205 1038 3243 in
1083 3219 1169 3257 qua
1206 3207 1422 3259 pessimus
1460 3214 1675 3260 tyrannus
1714 3205 1933 3254 manebat,
1969 3205 2138 3257 accepit
