2173 3556
12 1116 74 1151 (ιφ)
96 1115 224 1143 Grouth
241 1115 275 1143 of

35 1157 144 1183 crimes
157 1163 274 1191 among

37 1195 88 1222 the
108 1194 238 1221 Britons

40 1234 86 1261 Dc
106 1233 224 1261 sceleri·

37 1274 103 1301 bus.

13 1472 24 1500 1
44 1473 111 1500 Cur.
132 1480 158 1503 v,
177 1470 194 1498 i.

289 294 350 350 48
790 294 868 339 De
894 293 1102 340 Excidio
1127 293 1440 340 Britanniae.

290 428 468 481 Quievit
485 442 717 481 parumper
732 429 1005 468 inimicorum
1021 428 1216 477 audacia,
1232 441 1310 467 nec
1326 434 1471 468 tamen
1490 433 1735 467 nostrorum
1754 427 1943 475 malitia;

290 503 558 536 recesserunt
580 497 727 536 hostes
750 510 774 536 a
797 497 964 536 civibus
988 510 1065 535 nec
1089 497 1204 536 cives
1227 510 1252 535 a
1274 497 1362 535 suis
1387 495 1633 536 sceleribus.

380 565 515 604 Moris
547 579 736 618 namque
759 566 954 605 continui
985 572 1077 605 erat
1107 565 1239 618 genti,
1263 565 1375 604 sicut
1398 571 1441 604 et
1465 578 1581 604 nunc
1604 570 1681 613 est,
1704 571 1751 604 ut
1774 563 1944 603 infirma
1967 571 1989 601 2
2005 571 2020 601 Ι

291 641 404 674 esset
427 634 481 673 ad
507 635 779 674 retundenda
803 634 994 673 hostium
1019 633 1105 673 tela
1129 640 1172 673 et
1197 633 1318 673 fortis
1342 639 1457 673 esset
1490 633 1545 672 acl
1579 632 1724 672 civilia
1757 632 1872 671 bella
1903 638 1946 671 et

291 711 569 756 peccatorum
593 717 726 742 onera
749 703 1018 751 sustinenda,
1042 701 1225 750 infirma,
1249 703 1440 754 inquam,
1463 702 1517 741 ad
1541 701 1805 753 exequenda
1827 700 1947 752 pacis
1985 713 2000 741 5

290 786 338 811 ac
362 772 556 812 veritatis
584 772 772 823 insignia
795 778 837 811 et
862 771 984 810 fortis
1007 771 1061 810 ad
1087 771 1252 810 scelera
1274 777 1317 810 et
1342 770 1583 809 mendacia.
1648 769 1948 809 Revertuntur

291 854 394 891 ergo
437 840 715 893 impudentes
756 846 1024 892 grassatores
1070 839 1255 879 Hiberni
1291 841 1460 887 domos,
1494 845 1594 890 post
1636 852 1720 877 non
1765 838 1945 890 longum

293 909 503 960 temporis
527 908 748 948 reversuri.
812 908 919 947 l'icti
952 908 994 947 in
1028 914 1229 947 extrema
1262 913 1386 960 parte
1420 906 1605 946 insulaeI
1628 913 1733 946 tunc
1756 906 1946 958 primum

292 985 333 1016 et
375 977 582 1029 deinceps
624 977 941 1029 requieverunt,
973 977 1157 1028 praedas
1200 983 1243 1016 et
1284 975 1570 1015 contritiones
1613 988 1946 1027 nonnumquam

291 1045 509 1085 facientes.
1970 1058 2005 1076 10

382 1115 428 1153 In
454 1115 614 1154 talibus
638 1115 786 1167 itaque
809 1114 988 1154 indutiis
1018 1114 1220 1153 desolato
1253 1113 1418 1166 populo
1440 1127 1572 1153 saeva
1593 1114 1778 1153 cicatrix
1810 1112 1949 1153 obdu-

291 1184 410 1223 citur.
475 1184 610 1222 Fame
633 1183 717 1222 alia
741 1183 1020 1222 virulentiore
1043 1183 1201 1222 tacitus
1234 1182 1489 1235 pullulante,
1518 1183 1769 1236 quiescente
1801 1189 1948 1222 autem

292 1252 496 1291 vastitate
538 1252 672 1291 tantis
714 1251 1085 1291 abundantiarum
1128 1252 1265 1304 copiis
1309 1251 1449 1290 insula
1490 1250 1711 1300 affluebat,
1743 1257 1791 1291 ut
1832 1251 1952 1291 nulla

292 1320 452 1360 habere
494 1320 602 1360 tales
641 1327 755 1360 retro
792 1327 912 1360 aetas
949 1320 1233 1369 meminisset,
1271 1333 1370 1360 cum
1413 1319 1573 1372 quibus
1607 1319 1875 1360 omnimodis
1909 1326 1952 1360 et

293 1389 466 1429 luxuria
488 1389 672 1429 crescit.‘-'
733 1389 879 1430 Crevit
911 1391 1075 1430 etenim
1108 1390 1306 1442 germine
1337 1389 1641 1442 praepollenti,
1663 1389 1724 1429 ita
1755 1396 1803 1430 ut
1834 1403 1951 1429 com·
1973 1402 2008 1431 15

292 1465 492 1511 petentes
513 1460 669 1499 eodem
694 1465 893 1511 tempore
916 1458 1134 1499 diceretur
1153 1474 1160 1498 :
1191 1458 1362 1498 omnino
1384 1459 1486 1498 talis
1507 1458 1691 1498 auditur
1703 1459 1952 1510 fornicatio,

290 1528 433 1580 qualis
453 1541 524 1568 nec
545 1528 841 1580 z'nz‘ergentes.a
901 1528 1002 1567 Non
1027 1528 1169 1568 solum
1192 1542 1296 1568 vero
1318 1528 1401 1568 hoc
1424 1528 1593 1578 vitium,
1615 1529 1691 1568 sed
1725 1535 1768 1569 et
1790 1529 1952 1575 omnia,

290 1610 403 1648 quae
425 1597 644 1637 humanae
667 1603 850 1637 naturae
873 1597 1071 1637 accidere
1094 1596 1250 1646 solent,
1272 1604 1316 1637 et
1339 1598 1586 1650 praecipue,
1609 1597 1728 1650 quod
1759 1604 1803 1637 et
1835 1611 1950 1637 nunc

290 1679 464 1718 quoque
488 1666 529 1705 in
554 1680 605 1705 ea
628 1667 764 1706 totius
787 1666 889 1706 boni
913 1667 1070 1706 evertit
1094 1672 1272 1714 statum,
1294 1666 1445 1706 odium
1471 1667 1668 1706 veritatis
1691 1680 1790 1706 cum
1814 1680 1950 1706 asser-

291 1736 457 1775 toribus
491 1749 701 1788 amorque
732 1736 950 1776 mendacii
984 1750 1083 1775 cum
1114 1737 1203 1776 suis
1227 1736 1576 1785 fabricatoribus,
1599 1736 1821 1788 susceptio
1847 1736 1951 1776 mali
1971 1746 2009 1765 20

291 1818 370 1856 pro
402 1804 530 1854 bono,
553 1806 778 1845 veneratio
811 1806 1034 1858 nequitiae
1067 1819 1145 1857 pro
1177 1805 1465 1857 benignitate,
1487 1805 1648 1858 cupido
1671 1805 1950 1845 tenebrarum

292 1888 369 1926 pro
405 1875 505 1923 sole,
537 1875 745 1928 exceptio
780 1875 975 1916 Satanae
1010 1889 1090 1928 pro
1124 1875 1284 1928 angelo
1318 1874 1438 1915 lucis.
1501 1875 1796 1927 Ungebantur
1829 1889 1952 1928 reges

362 2046 372 2067 ¹
398 2048 560 2081 Insulae.
597 2047 677 2081 The
696 2047 795 2081 word
810 2048 878 2081 has
897 2048 991 2081 been
1007 2048 1118 2082 taken
1138 2060 1179 2082 as
1195 2047 1372 2091 meaning·
1384 2048 1584 2091 Anglesey,
1597 2047 1670 2081 and
1686 2058 1727 2081 so
1745 2046 1953 2090 furnishing

292 2104 470 2138 evidence
489 2105 544 2138 for
569 2117 590 2138 a
612 2105 685 2139 late
713 2105 799 2139 date
826 2113 863 2139 to
892 2105 964 2139 this
992 2112 1073 2150 part
1099 2105 1140 2139 of
1161 2106 1224 2139 the
1251 2106 1308 2139 De
1325 2106 1496 2139 E.2·cidz'0.
1548 2105 1640 2138 This
1667 2104 1757 2138 view
1776 2111 1953 2138 connects

292 2163 353 2197 the
379 2164 479 2197 Picti
503 2163 544 2197 of
565 2164 626 2197 the
654 2170 801 2207 present
830 2175 989 2207 passage
1014 2163 1099 2197 with
1127 2164 1188 2197 the
1219 2164 1404 2208 Gvcryddyl
1428 2163 1565 2207 Fficleli
1588 2163 1662 2196 and
1688 2162 1788 2196 Picti
1811 2162 1852 2195 of
1880 2162 1954 2195 late

292 2221 420 2254 ’Welsh
456 2221 634 2265 legends;
677 2232 738 2254 see
772 2220 969 2266 Acadcmy,
1003 2222 1223 2265 September
1251 2222 1335 2255 zssth
1367 2221 1442 2255 and
1474 2220 1690 2254 November
1728 2220 1821 2262 16th,
1855 2219 1952 2262 1895.

293 2279 373 2313 The
393 2291 499 2313 sense
519 2291 639 2313 seems
665 2279 759 2313 fixed
781 2280 829 2323 by
848 2291 877 2313 c.
903 2289 952 2321 19,
973 2279 1094 2313 where
1114 2291 1166 2313 we
1185 2280 1261 2313 find
1280 2280 1415 2313 almost
1435 2279 1496 2313 the
1519 2290 1622 2313 same
1641 2278 1761 2311 words
1779 2289 1820 2311 as
1839 2277 1926 2311 here
1947 2289 1952 2311 :

294 2336 489 2370 “Omnem
517 2337 767 2381 aquilonalem
794 2340 1069 2381 artrenmquce
1095 2341 1214 2370 serrae
1232 2340 1380 2381 pariam
1400 2339 1473 2381 pro
1498 2337 1689 2381 indqgrem's
1716 2346 1823 2368 muro
1850 2338 1956 2368 tenus

293 2396 525 2439 ‹tapessunt.”
574 2396 864 2439 Extrcnmpars
889 2396 1034 2429 insulae
1060 2403 1157 2429 must
1183 2396 1278 2430 have
1305 2396 1367 2430 the
1394 2406 1496 2429 same
1524 2394 1700 2438 meaning
1725 2405 1766 2428 as
1792 2398 1955 2427 artrema

294 2458 412 2486 ferme
430 2456 534 2497 pars,
561 2454 633 2487 and
662 2454 722 2487 the
750 2453 939 2498 emphasis
966 2461 1103 2488 cannot
1129 2454 1194 2487 but
1221 2454 1267 2488 be
1294 2465 1341 2487 on
1367 2457 1542 2496 arlrema,
1571 2452 1691 2486 which
1719 2452 1748 2486 is
1776 2451 1877 2496 quite
1903 2451 1953 2484 in-

295 2511 530 2556 appropriate
562 2524 602 2545 as
637 2511 787 2555 applied
818 2518 855 2546 to
881 2512 1079 2556 Anglesey.
1146 2513 1354 2553 Moreover,
1383 2512 1520 2553 insula,
1551 2511 1785 2554 everywhere
1809 2510 1884 2543 else
1918 2508 1954 2542 in

297 2570 438 2607 Gildas,
457 2571 524 2603 has
551 2581 599 2603 no
625 2569 800 2614 meaning
825 2577 956 2614 except
986 2569 1137 2604 Britain.
1189 2570 1270 2603 The
1300 2568 1398 2603 I'icts
1426 2567 1614 2613 acquired,
1641 2567 1677 2601 in
1703 2568 1764 2602 the
1791 2574 1955 2601 extreme

297 2635 376 2672 part
396 2629 436 2661 of
452 2628 603 2671 Britain,
618 2628 750 2662 settled
771 2627 985 2672 possession
1003 2627 1043 2661 of
1064 2628 1171 2661 lands
1191 2628 1270 2661 that
1290 2638 1383 2661 were
1402 2638 1503 2660 more
1523 2626 1642 2668 south,
1662 2626 1727 2667 ᾖα,
1744 2635 1875 2658 nearer
1893 2624 1955 2658 the

298 2687 393 2719 wall
425 2687 466 2719 of
490 2685 670 2728 Hadrian,
697 2687 785 2720 than
821 2686 1039 2720 heretofore.
1106 2686 1241 2719 Paulus
1270 2685 1462 2719 Diaconus
1490 2684 1596 2726 adds,
1628 2682 1855 2725 concerning
1882 2681 1954 2716 this

367 2854 382 2868 ²¹
403 2847 434 2878 A
465 2846 594 2889 gwedy
613 2845 773 2878 dechreu
803 2856 823 2877 0
842 2845 985 2877 honunt
1005 2843 1114 2877 kafsel
1137 2843 1289 2887 kyfoeth
1321 2854 1342 2876 a
1370 2841 1609 2885 theilygdawt
1638 2852 1659 2883 y
1679 2838 1728 2873 rei
1757 2838 1956 2882 bonloedic,

295 2903 546 2946 ymdyrchafel
578 2914 598 2936 a
626 2903 838 2936 wnaethant
870 2913 916 2946 yn
949 2914 988 2946 ry
1018 2909 1116 2935 otres
1144 2913 1165 2935 a
1196 2901 1373 2944 fyberwyt
1401 2911 1447 2943 yn
1473 2911 1552 2942 va
1581 2909 1650 2931 noe
1678 2910 1699 2940 y
1718 2895 1891 2940 deissyfei
1911 2907 1956 2929 eu

297 2962 443 3005 hanyan
463 2962 588 2994 udunt.
641 2961 694 2993 Ac
721 2959 862 3004 ymrodi
884 2973 904 3003 y
932 2960 1069 2993 odineb
1097 2971 1118 3003 y
1138 2971 1210 3003 ryw
1230 2970 1277 3002 ny
1296 2957 1443 3001 chlywit
1462 2955 1618 3000 ymplith
1638 2968 1659 2998 y
1679 2954 1850 2999 pobloed.
1903 2954 1956 2987 Ac

299 3032 425 3063 megys
453 3032 472 3062 y
492 3019 624 3062 dyweit
644 3018 784 3061 Gildas,
804 3019 1053 3062 traethawdyr
1078 3030 1119 3062 yr
1144 3018 1297 3062 ystorya,
1317 3017 1379 3050 bot
1407 3027 1453 3060 yn
1482 3027 1561 3058 va
1580 3027 1600 3058 y
1620 3014 1787 3058 pechawt
1813 3013 1958 3046 hwnnw

299 3089 365 3110 nor
391 3078 465 3110 11011
500 3077 691 3121 pechodeu
721 3076 821 3110 ereill
853 3077 899 3109 oll
926 3088 966 3120 yr
984 3077 1067 3109 hwn
1095 3088 1116 3110 a
1142 3075 1319 3109 diwreida
1345 3073 1496 3108 ansawd
1528 3085 1568 3117 yr
1595 3073 1669 3105 holl
1699 3071 1757 3105 da.
1811 3071 1878 3105 Sef
1903 3083 1958 3114 yw

300 3135 434 3178 hynny,
466 3135 600 3168 kassau
628 3134 829 3177 gwirioned
851 3146 893 3168 ae
918 3134 1222 3178 hamdeffynwyr,
1241 3145 1262 3167 a
1291 3133 1402 3166 charu
1430 3131 1574 3174 kelwyd
1601 3142 1622 3164 a
1643 3130 1764 3173 thu-511
1801 3141 1822 3162 a
1852 3129 1958 3169 brat;

301 3193 373 3226 talu
413 3193 509 3225 ‹li-wc
544 3193 628 3224 (hos
664 3192 735 3231 da;
780 3192 969 3235 enrydedu
1005 3191 1165 3225 enwired
1192 3203 1213 3225 a
1240 3189 1603 3224 ehamweithredoed
1638 3188 1724 3221 dros
1760 3187 1959 3230 hegarwch

302 3264 323 3284 a
341 3251 559 3294 hynawster,
572 3249 862 3293 aruolledigaeth
883 3263 904 3294 y
919 3249 1024 3283 (liawl
1045 3250 1131 3283 dros
1150 3249 1232 3292 cgyl
1247 3249 1406 3292 golcuat.
1458 3247 1489 3280 Y
1502 3245 1709 3280 brenhined
1727 3257 1748 3278 a
1767 3244 1959 3288 detliolynt
