2214 3556
290 244 386 300 416
548 240 842 302 References
866 247 912 288 lo
942 241 1120 288 Gildas
1147 241 1196 287 ἶφι
1230 241 1448 288 Ancienl
1486 239 1709 286 lVrz'lers.

370 389 406 427 4.
441 377 685 429 Catalogue
719 377 768 416 of
814 378 888 417 the
922 377 1073 419 Saints
1115 377 1165 417 of
1206 376 1377 417 lrelancl
1422 375 1676 428 (catalogus
1706 381 1950 414 sanctorum

288 444 551 498 Hiberniae).
615 445 723 484 This
756 459 1034 498 anonymous
1067 446 1300 498 catalogue
1331 445 1456 485 dates
1480 444 1590 483 from
1624 457 1678 483 an
1711 443 1831 495 early
1854 450 1951 495 part

282 513 333 553 of
365 514 439 553 the
473 514 626 566 eighth
665 521 849 567 century
886 514 932 567 [c.
975 524 1063 555 A.D.
1108 514 1220 567 730}
1307 515 1345 554 It
1383 515 1417 553 is
1456 512 1628 566 printed
1667 513 1709 552 in
1750 512 1950 553 Ussher's

282 580 566 632 Anliqm'tz‘es,
588 581 641 629 vi,
665 594 735 633 pp.
757 591 962 631 477-479,
984 581 1071 620 and
1096 581 1205 620 from
1230 594 1254 620 a
1276 579 1481 620 different
1512 578 1607 619 MS.
1635 579 1676 618 in
1712 578 1950 630 Fleming's

287 647 369 689 Col.
397 648 547 697 Sacra,
570 663 640 702 pp.
663 662 690 700 4
697 661 867 700 30-431.

688 760 752 813 (1)
786 760 979 800 PRIMUS
1012 759 1320 800 ORDo.—A.D.
1343 768 1546 811 432-544.

352 847 498 881 Primus
528 848 620 882 ordo
652 848 930 882 Catholicorum
958 855 1175 883 sanctorum
1205 855 1284 883 erat
1315 848 1351 882 in
1381 855 1550 893 tempore
1577 847 1737 882 Patricii.
1790 848 1839 881 Et
1862 855 1949 881 tunc

280 914 383 940 erant
410 906 575 951 episcopi
603 918 734 940 omnes
763 906 851 940 clari
878 914 913 941 et
944 906 1062 941 sancti
1099 914 1133 941 et
1171 907 1310 951 Spiritu
1340 908 1480 941 Sancto
1515 906 1613 951 pleni
1648 914 1750 940 CCCL
1783 916 1948 947 numerO,

280 964 524 998 ecclesiarum
543 965 761 999 fundatores
765 991 986 999 .......

646 1075 710 1128 (2)
745 1075 1021 1116 SECUNDUS
1054 1075 1363 1116 ORno.—A.D.
1390 1078 1588 1128 544-598.

349 1167 544 1201 Secundus
575 1167 667 1201 ordo
699 1166 981 1201 Catholicorum
1013 1167 1326 1211 presbyterorum.
1382 1167 1423 1200 In
1452 1167 1523 1200 hoc
1552 1166 1650 1200 enim
1682 1166 1812 1200 ordine
1842 1167 1949 1211 pauci

277 1231 381 1258 erant
416 1224 594 1269 episcopi,
623 1232 658 1258 et
693 1223 797 1258 multi
832 1223 1051 1268 presbyteri,
1087 1235 1242 1257 numero
1279 1232 1363 1258 CCC.
1442 1224 1570 1257 Unum
1605 1230 1715 1268 caput
1745 1223 1949 1257 Dominum

277 1289 444 1315 nostrum
464 1282 664 1325 habebant,
680 1282 846 1316 diversas
866 1281 999 1316 missas
1014 1282 1254 1316 celebrabant
1273 1289 1309 1316 et
1323 1281 1490 1316 diversas
1506 1282 1665 1325 regulas,
1678 1293 1791 1315 unum
1807 1283 1951 1316 Pascha

279 1341 559 1385 quartadecima
593 1342 680 1374 luna
714 1347 797 1385 post
832 1339 1122 1385 aequinoctium,
1158 1352 1271 1374 unam
1306 1347 1497 1374 tonsuram
1532 1341 1579 1374 ab
1606 1351 1694 1374 aure
1724 1340 1771 1374 ad
1795 1352 1950 1382 aure1n;

279 1399 519 1442 abnegabant
549 1399 744 1433 mulierum
772 1398 1147 1439 administrationem,
1179 1405 1398 1443 separantes
1430 1410 1495 1432 eas
1526 1410 1548 1432 a
1576 1398 1822 1432 monasteriis.
1877 1398 1950 1432 Hic

280 1457 372 1491 ordo
399 1469 463 1502 per
481 1464 662 1502 quaterna
689 1458 810 1492 adhuc
837 1469 951 1501 regna
980 1457 1136 1501 duravit,
1156 1458 1226 1492 hoc
1251 1465 1318 1500 est,
1337 1458 1385 1491 ab
1416 1457 1589 1492 extremis
1620 1458 1794 1492 Tuathail
1824 1465 1859 1493 et
1887 1470 1952 1503 per

279 1523 397 1550 totum
427 1516 622 1550 Diarmata
649 1516 746 1560 regis
773 1528 940 1560 regnum,
977 1523 1012 1550 et
1039 1516 1195 1549 duorum
1230 1515 1429 1559 Muredaig
1455 1522 1644 1560 nepotum,
1679 1523 1715 1550 et
1750 1516 1856 1549 Aedo
1887 1516 1949 1550 filii

279 1573 515 1607 Ainmerech.
583 1575 616 1607 A
653 1573 799 1608 Davide
842 1573 1019 1618 episcopo
1061 1580 1097 1607 et
1137 1573 1237 1607 Gilla
1271 1573 1413 1616 (Gilda)
1449 1580 1484 1607 et
1523 1585 1544 1607 a
1580 1575 1688 1607 Doco
1736 1573 1949 1607 Britonibus

280 1632 433 1666 missam
460 1640 710 1677 acceperunt:
750 1644 906 1677 quorum
934 1631 1086 1666 nomina
1112 1632 1205 1665 haec
1233 1638 1343 1666 sunt:
1371 1632 1445 1666 duo
1473 1630 1632 1674 Finiani,
1658 1632 1733 1665 duo
1761 1632 1947 1666 Brendani

279 1692 376 1734 (etc.,
390 1691 564 1735 eighteen
584 1703 686 1725 more
704 1691 861 1733 names),
881 1697 915 1724 et
934 1690 994 1724 alii
1014 1690 1131 1724 multi.

680 1796 745 1849 (3)
779 1797 1000 1838 TERTIUS
1035 1797 1551 1848 ORDO--A-D·598-664·

350 1888 498 1923 Tertius
517 1889 609 1922 ordo
628 1895 840 1922 sanctorum
860 1895 936 1923 erat
956 1887 1050 1922 talis.
1094 1889 1212 1922 Erant
1231 1887 1435 1932 presbyteri
1455 1887 1585 1931 sancti,
1598 1894 1633 1922 et
1649 1887 1755 1932 pauci
1771 1887 1947 1933 episcopi,

280 1958 435 1981 numero
454 1953 614 1989 centum,
633 1953 700 1980 etc.
1933 1947 1938 1950 “

367 2035 513 2074 These
537 2034 662 2074 dates
686 2048 759 2074 are
782 2034 914 2074 taken
941 2034 1049 2074 from
1076 2048 1100 2074 a
1126 2035 1266 2087 Paper
1284 2034 1343 2087 by
1360 2034 1432 2074 Dr.
1454 2035 1500 2074 B.
1521 2034 1794 2087 MacCarthy
1812 2035 1854 2074 in
1874 2035 1948 2075 the

288 2104 591 2146 Transactions
611 2105 666 2155 of
678 2104 819 2156 Royal
838 2103 954 2144 srz‘slt
977 2103 1206 2156 Academy,
1232 2103 1485 2144 November
1513 2104 1631 2152 1886,
1654 2117 1724 2156 pp.
1753 2104 1946 2144 161-162.

376 2339 409 2381 5.
446 2330 703 2379 Uurdisten,
726 2343 774 2369 or
798 2328 1053 2377 Gurdestin,
1076 2326 1231 2367 Abbot
1254 2327 1304 2366 of
1323 2326 1648 2367 Landevennec
1671 2327 1712 2366 in
1731 2327 1946 2379 Brittany.

369 2420 616 2462 cartulaire
637 2420 688 2459 de
713 2420 900 2472 l’abbaye
931 2419 981 2459 de
1012 2419 1328 2467 Landevennec,
1350 2418 1497 2458 edited
1523 2418 1581 2470 by
1606 2419 1665 2459 M.
1701 2418 1869 2458 Arthur
1891 2418 1946 2458 de

281 2490 321 2529 la
356 2490 585 2529 Bouderie.
650 2490 839 2537 Rennes,
870 2490 987 2529 1888.
1063 2488 1165 2528 Vita
1202 2487 1358 2527 Sancti
1388 2487 1652 2536 Winwaloez'‚
1684 2487 1870 2527 founder
1901 2487 1952 2527 of

280 2560 354 2599 the
391 2559 580 2611 Abbey;
623 2559 794 2598 written
831 2558 979 2598 before
1014 2567 1103 2597 A.D.
1140 2559 1235 2607 884,
1258 2571 1290 2597 c.
1328 2568 1359 2605 1,
1392 2556 1603 2596 Analecta
1638 2556 1943 2604 Bollandiana,

282 2628 351 2677 vii,
380 2638 458 2678 174
482 2627 522 2668 ff.

353 2734 401 2767 Et
428 2745 473 2767 ne
503 2733 582 2767 eius
610 2733 764 2778 antiqua
793 2734 1012 2778 profundius
1042 2740 1208 2775 repetam
1244 2732 1420 2775 facinora,
1455 2732 1517 2777 qui
1552 2733 1645 2766 haec
1672 2732 1816 2777 plenius
1851 2732 1945 2767 scire

280 2791 437 2826 voluerit
456 2792 553 2835 legat
573 2798 743 2825 sanctum
764 2792 938 2835 (iyldam,
958 2792 1019 2836 qui
1039 2792 1085 2825 de
1105 2791 1183 2825 eius
1203 2790 1274 2825 situ
1301 2797 1336 2824 et
1358 2789 1589 2824 habitatione
1608 2790 1786 2833 scribens,
1805 2797 1840 2824 et
1867 2790 1945 2824 eius

282 2849 376 2883 mira
396 2849 430 2882 in
452 2848 602 2883 Christo
621 2849 864 2883 conversione
880 2849 1081 2894 statimque
1101 2848 1170 2883 ritu
1190 2860 1285 2893 pene
1304 2847 1488 2893 paganico
1509 2847 1755 2892 apostatione,
1771 2855 1806 2882 et
1820 2848 1945 2883 divina

284 2906 488 2950 lugubriter
516 2906 684 2941 insecuta
710 2907 861 2950 ultione,
881 2914 916 2941 et
944 2907 1024 2941 eius
1052 2907 1196 2949 iterum,
1222 2918 1269 2940 ne
1300 2906 1448 2951 penitus
1480 2905 1515 2939 in
1543 2906 1704 2940 favillam
1736 2913 1771 2940 et
1801 2906 1944 2940 cineres
1962 2941 1971 2949 ι

282 2965 520 3007 redigeretur,
540 2964 791 3007 miseratione,
812 2966 927 2999 multa
945 2965 1112 2999 eiusdem
1138 2964 1282 2999 actibus
1304 2976 1470 3008 congrua
1495 2965 1590 2998 bene
1617 2971 1653 2998 et
1684 2964 1944 3008 irreprehensi-

282 3023 401 3056 biliter
419 3022 594 3066 disputat.
651 3023 841 3057 Britannia
860 3023 990 3065 insula,
1016 3024 1063 3057 de
1090 3035 1162 3068 qua
1189 3023 1313 3067 stirpis
1340 3030 1490 3056 nostrae
1516 3022 1622 3066 origo
1648 3022 1747 3065 olim,
1773 3030 1808 3056 et
1834 3023 1945 3067 vulgo

281 3081 445 3122 refertur,
491 3080 681 3123 processit,
717 3082 883 3115 locorum
919 3081 1148 3115 amoenitate
1184 3081 1320 3123 inclita,
1356 3080 1481 3121 muris,
1517 3080 1678 3114 turribus
1720 3080 1943 3126 magnisque

282 3141 469 3184 quondam
500 3140 678 3173 aedificiis
709 3141 894 3183 decorata,
923 3143 1015 3175 haec
1043 3153 1219 3185 magnam
1246 3140 1421 3174 habuisse
1448 3152 1569 3174 rerum
1596 3140 1742 3185 copiam
1762 3149 1942 3184 narratur,

282 3198 503 3231 exuberasse
533 3209 596 3241 pre
625 3198 767 3232 cunctis
798 3211 893 3242 quae
925 3199 1010 3232 hinc
1040 3199 1213 3233 adiacent
1245 3197 1361 3240 terris,
1396 3198 1580 3241 frumenti,
1601 3198 1730 3240 mellis,
1762 3198 1942 3243 lactisque
