2173 3556
330 275 341 303 1
357 277 414 318 32
823 262 903 308 De
927 263 1138 311 Excidio
1162 265 1477 312 Britanniae.

649 397 815 430 (2111DAS.

1096 400 1297 442 Jsskomss's
1317 401 1532 435 REV1sloN.
1562 409 1638 435 A.D.
1659 411 1735 444 392.
1763 399 1977 443 (Sabatier.)

1034 478 1126 521 xxiv,
1151 480 1264 521 18-24.

318 555 370 588 2-3.
400 554 592 590 propterea
612 546 708 580 enim
740 559 812 580 non
832 548 957 581 credet
976 548 1022 582 de
1042 547 1118 582 vita

456 615 522 636 sua
541 615 622 637 cum
641 604 814 638 infirmari
831 604 1006 649 coeperit,

400 729 472 751 non
493 726 614 762 speret
633 720 842 763 sanitatem,
862 721 926 754 sed
952 721 1059 754 cadet
1080 720 1113 754 in

454 777 682 820 languorem.

313 843 365 875 24.
397 835 536 868 Multos
555 834 653 868 enim
667 835 773 870 laesit
792 836 964 880 superbia
984 836 1073 877 eius,

398 898 433 925 et
461 891 647 926 marcidus
665 892 784 926 factus
803 900 858 927 est
877 893 971 927 sicut
991 894 1114 927 malva

454 949 487 983 in
508 958 623 991 aestu,

398 1008 495 1041 velut
530 1007 643 1052 spica,
671 1020 755 1042 cum
789 1009 835 1042 de
871 1009 1005 1053 stipula
1048 1021 1114 1043 sua

453 1065 602 1099 decidit.

314 1129 354 1163 „5
361 1147 1063 1158 .............

1198 543 1427 593 consurgens
1466 561 1555 593 ergo
1584 562 1657 584 non
1689 550 1803 584 credit
1847 557 1976 583 contra

1269 607 1382 641 vitam
1411 619 1515 641 suam
1548 619 1630 641 cum
1659 607 1834 641 infirmari
1867 618 1975 651 coep-

1268 665 1335 699 erit
1355 678 1361 705 ;

1197 734 1269 755 non
1305 729 1427 767 speret
1462 722 1672 765 sanitatem,
1707 722 1771 756 sed
1804 722 1911 755 cadet
1939 721 1973 755 in

1267 781 1455 824 languore.

1196 839 1330 872 multos
1349 838 1446 871 enirn
1467 838 1593 872 afflixit
1612 837 1768 872 altitudo
1786 837 1864 872 eius
1882 850 1889 878 ;

1195 893 1373 927 emarcuit
1393 893 1485 926 sicut
1505 893 1627 926 malva
1647 892 1681 926 in
1701 900 1816 933 aestu,

1194 1016 1256 1042 aut
1299 1008 1392 1042 sicut
1437 1009 1483 1042 de
1516 1008 1659 1053 spicula
1687 1008 1788 1053 spica
1814 1007 1973 1052 *sponte

1264 1065 1453 1099 decidens.

1171 1120 1371 1165 *Alioquin
1406 1120 1487 1165 quis
1521 1128 1576 1154 est
1611 1120 1671 1166 qui
1707 1121 1877 1165 loquatur
1914 1131 1972 1153 me

1266 1178 1401 1221 dicere,

1171 1238 1231 1271 *et
1250 1244 1361 1281 ponet
1382 1236 1416 1269 in
1436 1235 1591 1269 nihilum
1612 1237 1727 1270 verba
1747 1248 1831 1270 mea
1850 1236 1879 1270 ?¹

1021 1341 1128 1385 xxvii,
1153 1341 1267 1383 14-ιὸ.

317 1418 365 1450 14.
395 1409 504 1451 Quod
524 1408 551 1442 si
580 1409 682 1442 multi
714 1409 848 1443 fuerint
875 1410 936 1444 filii
967 1410 1058 1454 eius,
1080 1410 1115 1445 in

453 1467 678 1501 occisionem
699 1475 805 1502 erunt
827 1482 833 1509 ;

409 1551 1068 1561 ............

407 1785 1065 1794 ············

319 1816 367 1848 16.
396 1816 495 1860 quod
530 1824 566 1850 et
608 1816 635 1850 si
673 1818 861 1852 collexerit
904 1826 941 1852 ut
978 1825 1113 1852 terram

453 1881 659 1917 argentum,

397 1939 433 1966 et
475 1931 642 1967 similiter
683 1940 721 1967 ut
763 1934 878 1967 lutum
930 1934 1112 1978 paraverit

451 2002 592 2033 aurum,

395 2049 487 2083 haec
507 2049 631 2083 omnia
646 2049 732 2094 justi
753 2058 1039 2095 consequuntur.

1197 1409 1307 1453 Quod
1343 1408 1371 1442 si
1411 1408 1512 1443 multi
1553 1409 1687 1443 fuerint
1721 1409 1781 1443 filii
1825 1409 1902 1443 eius
1938 1410 1973 1443 in

1266 1467 1451 1501 occisione
1470 1475 1575 1502 erunt
1594 1481 1600 1508 ;

1197 1526 1224 1560 si
1244 1534 1367 1560 autem
1395 1533 1429 1560 et
1462 1526 1612 1560 iuvenes
1640 1527 1724 1561 facti
1752 1527 1895 1569 suerint,
1921 1527 1972 1561 in-

1266 1584 1456 1629 digelmnt,

1195 1651 1231 1677 et
1249 1642 1310 1687 qui
1330 1642 1428 1677 circa
1453 1655 1535 1677 eum
1556 1651 1651 1687 sunt,
1670 1652 1788 1679 morte
1815 1644 1972 1679 morien-

1264 1701 1350 1744 tur,²

1195 1768 1230 1795 et
1250 1760 1369 1794 viduis
1388 1772 1516 1795 eorum
1535 1772 1646 1795 nemo
1665 1761 1908 1796 miserebitur.

1195 1819 1305 1862 Quod
1325 1819 1352 1852 si
1373 1826 1407 1853 et
1424 1819 1614 1864 collegerit
1634 1827 1670 1853 ut
1689 1827 1824 1854 terram
1840 1832 1972 1863 argen—

1264 1885 1352 1919 tum,

1192 1944 1226 1970 et
1247 1937 1343 1970 velut
1363 1937 1478 1970 lutum
1499 1936 1682 1980 paraverit
1701 1949 1841 1980 aurum,

1191 2053 1283 2086 haec
1303 2052 1428 2086 omnia
1442 2052 1530 2097 justi
1552 2061 1835 2098 consequentur.

770 2188 864 2220 Ture
894 2188 1071 2221 Foun'rH
1103 2189 1220 2221 BOOK
1248 2196 1298 2221 or
1326 2188 1502 2221 ESDRAS.

385 2276 409 2299 1.
442 2267 494 2310 By
529 2266 709 2311 inserting
744 2267 958 2312 quotations
989 2268 1081 2301 from
1118 2267 1191 2301 this
1226 2268 1324 2301 book
1358 2279 1497 2312 among
1531 2268 1593 2302 the
1628 2268 1804 2302 “oracles
1839 2269 1880 2303 of
1909 2269 1971 2302 the

309 2325 516 2368 prophets‚'’
536 2324 665 2359 Gildas
685 2325 808 2359 shows
827 2326 905 2359 that
933 2326 995 2360 the
1014 2326 1124 2360 views
1144 2325 1349 2370 prevailing
1368 2326 1403 2359 in
1424 2326 1565 2360 Britain
1584 2325 1670 2360 with
1690 2334 1835 2371 respect
1853 2333 1891 2361 to
1909 2327 1971 2361 the

309 2383 426 2417 books
445 2383 525 2417 that
538 2383 738 2417 constitute
753 2384 814 2417 the
833 2384 980 2418 volume
999 2385 1040 2417 of
1056 2384 1243 2428 Scripture
1256 2384 1313 2427 <or
1329 2383 1564 2429 Scriptures),
1580 2396 1673 2418 were
1688 2384 1859 2419 different
1876 2385 1969 2419 from

309 2440 415 2474 those
435 2441 520 2474 held
540 2441 588 2485 by
601 2440 750 2485 leading
771 2442 921 2475 Church
935 2441 1087 2484 writers,
1101 2442 1173 2475 and
1190 2443 1283 2475 from
1303 2442 1365 2476 the
1380 2442 1511 2475 formal
1526 2441 1713 2476 decisions
1728 2443 1770 2476 of
1784 2442 1969 2477 Councils.

312 2498 392 2532 Itis
411 2499 490 2532 well
515 2499 648 2532 known
676 2499 758 2532 how
776 2500 925 2543 Jerome
953 2500 1121 2544 strongly
1139 2499 1295 2534 insisted
1322 2511 1418 2544 upon
1447 2500 1508 2534 the
1535 2500 1714 2534 so-called
1743 2500 1969 2534 Palestinian

309 2558 439 2590 Canon
459 2557 500 2590 of
513 2564 739 2601 twenty-two
758 2557 889 2599 books,
904 2569 955 2600 or,
971 2557 1093 2602 owing
1111 2564 1148 2592 to
1166 2570 1188 2592 a
1202 2558 1372 2592 different
1387 2565 1650 2602 arrangement
1666 2558 1708 2592 of
1721 2569 1823 2592 some
1838 2559 1968 2600 books,

307 2615 552 2659 twenty-four.
621 2616 701 2649 The
738 2616 918 2659 Prologus
955 2616 1125 2659 galeatus
1161 2627 1290 2649 names
1331 2615 1485 2657 Esdras,
1521 2615 1581 2660 qui
1617 2622 1651 2649 et
1687 2615 1765 2659 ipse
1801 2615 1969 2650 similiter

307 2673 406 2716 apud
425 2684 579 2716 graecos
605 2680 640 2707 et
669 2674 768 2717 apud
799 2673 934 2707 latinos
965 2673 1000 2706 in
1030 2673 1123 2707 duos
1152 2673 1266 2707 libros
1292 2672 1432 2706 divisus
1459 2680 1513 2707 est
1535 2685 1542 2714 ;
1569 2673 1674 2707 these
1699 2680 1771 2707 two
1794 2674 1914 2707 books
1933 2674 1974 2707 of

308 2731 449 2765 Esdras
475 2743 537 2765 are
564 2743 630 2765 our
655 2732 748 2766 Ezra
774 2732 848 2765 and
871 2730 1112 2774 Nehemiah,³
1131 2731 1272 2775 though
1301 2730 1336 2764 in
1367 2732 1479 2764 MSS.
1514 2731 1555 2765 os
1580 2731 1642 2765 the
1669 2732 1773 2765 LXX
1799 2731 1862 2765 the
1890 2732 1967 2766 first

378 2877 386 2897 ¹
420 2878 449 2911 It
469 2877 498 2911 is
517 2878 669 2912 difficult
691 2886 727 2912 to
754 2877 860 2912 resist
888 2879 950 2912 the
977 2877 1193 2912 conclusion
1222 2878 1311 2915 that,
1331 2878 1403 2911 had
1433 2878 1493 2912 the
1513 2878 1582 2911 last
1603 2885 1674 2911 two
1693 2878 1785 2912 lines
1813 2879 1965 2912 marked

307 2933 353 2976 by
373 2933 549 2967 asterisks
567 2934 661 2967 been
682 2934 715 2967 in
737 2935 798 2967 the
818 2941 891 2968 text
910 2935 951 2968 of
966 2934 1108 2976 (Jildas,
1126 2934 1172 2968 he
1192 2933 1312 2967 would
1330 2945 1443 2967 never
1461 2933 1554 2967 have
1573 2933 1728 2967 omitted
1747 2934 1858 2967 them.

377 2988 389 3007 2
417 2990 485 3022 See
506 2996 590 3022 note
606 3000 653 3022 on
674 3000 706 3033 p.
728 2999 800 3032 130.

376 3046 389 3065 ³³
418 3047 448 3080 lt
476 3058 560 3090 may
590 3047 750 3091 perhaps
776 3048 823 3081 be
862 3054 926 3081 not
954 3048 1186 3092 superfluous
1222 3054 1259 3080 to
1293 3046 1437 3080 remind
1474 3047 1662 3080 ourselves
1698 3047 1777 3080 that
1812 3046 1964 3087 Iisdras,

307 3115 347 3134 (η-
376 3103 554 3142 Hcsdras,
582 3103 611 3136 is
638 3104 699 3137 the
727 3105 849 3137 Greek
876 3104 949 3137 and
980 3103 1085 3138 Latin
1116 3104 1210 3138 form
1240 3104 1295 3137 for
1321 3104 1383 3137 the
1417 3104 1578 3137 chrew
1606 3104 1708 3137 Ezra.
1760 3104 1842 3136 The
1872 3104 1965 3136 form

310 3160 413 3192 lz's‘m
433 3172 506 3193 was
527 3161 602 3194 first
623 3161 839 3195 introduced
860 3161 895 3195 in
916 3163 977 3195 the
997 3163 1150 3195 Geneva
1172 3161 1276 3195 Bible
1295 3160 1427 3205 (1560).
1482 3162 1523 3195 ln
1545 3162 1608 3195 Dr.
1628 3162 1817 3205 Morgan’s
1836 3162 1965 3195 welsh

315 3217 416 3250 Bible
435 3218 568 3260 (1388),
587 3218 648 3251 the
676 3219 773 3252 titles
793 3220 833 3252 os
854 3220 947 3253 Ezra
971 3220 1045 3253 and
1067 3219 1277 3253 Nehemiah
1296 3231 1434 3264 appear
1459 3231 1523 3253 as:
1553 3220 1719 3253 LLYFR
1755 3220 1965 3253 CYNTAF
