2214 3556
80 514 152 542 Hos.
172 513 232 545 viii,
250 522 276 548 4.

80 652 195 680 zlltzlllz.
217 651 274 683 xvi.
297 653 339 680 18.

80 725 195 753 ᾸΙαίΗι.
217 724 266 757 vii,
284 733 329 760 27.

80 925 197 954 ,llamr
217 924 276 956 xvi.
294 933 339 961 19.

80 966 154 992 Luc.
176 964 236 995 xiii.
255 973 320 1000 27.Ι

81 1004 196 1032 Mutila.
217 1013 285 1035 xxv,

119 1052 166 1080 32,
185 1051 231 1079 33·
254 1051 300 1078 41·

79 1133 196 1161 Alotllz.
217 1132 275 1165 xvi,
295 1141 337 1169 19.

76 1500 169 1528 Prov.
190 1508 216 1533 ν,
237 1509 282 1529 22.

80 2304 150 2332 Act.
168 2313 216 2336 xx,
233 2304 279 2336 26,
295 2312 341 2339 27.

84 2711 190 2738 lim-h.
209 2710 311 2742 xxxiii,

126 2759 168 2777 11.

88 2855 116 2882 II
136 2856 202 2883 Cor.
221 2855 238 2888 i,
259 2865 286 2892 3.

364 313 386 343 2
397 311 458 357 50
862 295 941 341 De
967 296 1176 343 Excidio
1200 296 1517 343 Britanniae.

361 433 478 486 quod
500 430 808 484 insipientibus
840 431 882 470 in
915 430 1191 472 aedificanda
1222 430 1357 471 domo
1380 444 1609 472 arenarum
1633 432 1853 484 pendulae
1877 436 2017 476 mobi-

361 501 472 542 litati
497 500 717 540 Dominus
741 512 826 539 non
851 506 1120 552 cooperetur,
1143 499 1384 539 secundum
1409 499 1514 540 illud
1535 515 1542 539 :
1574 500 1782 541 Fecerunt
1799 502 1885 542 sibi
1904 518 2019 557 reges

362 576 400 609 et
431 583 510 608 non
534 575 617 620 per
642 581 716 607 me.
782 566 1031 620 Itidemque
1067 568 1184 620 quod
1221 568 1416 620 sequitur
1445 567 1599 607 eadem
1639 576 1766 610 sonat
1803 571 2018 613 dicendo:

362 638 424 678 Et
453 642 604 690 portae
645 636 810 687 inferni
840 650 920 675 non
948 635 1257 687 praevalebunt
1289 637 1440 688 eisque
1477 643 1658 689 peccata
1694 637 2019 692 intelleguntur.

366 708 433 747 De
484 711 628 746 vestra
680 705 785 758 quid
838 704 1053 744 exitiabili
1107 711 1323 744 structura
1375 706 1716 758 pronuntiatur?
1809 707 2021 748 Venerunt
2059 735 2075 764 5

351 775 545 829 flumina
562 780 601 813 ct
609 773 837 826 flaverunt
857 773 975 812 venti
992 778 1032 812 et
1053 772 1316 826 impegerunt
1346 773 1390 812 in
1423 773 1595 814 domum
1619 774 1740 815 illam
1763 782 1802 816 et
1817 776 1964 816 cecidit
1983 783 2022 816 et

349 844 451 895 fnit
472 843 602 882 ruina
618 842 708 882 eins
724 856 895 893 magna.
959 842 1089 882 Petro
1107 842 1287 894 eiusque
1309 843 1634 883 successoribus
1653 844 1759 885 dicit
1775 845 1995 886 Dominus
2015 861 2022 886 :

363 913 426 952 Et
452 911 533 951 tibi
558 910 663 950 dabo
690 910 826 950 claves
851 910 975 963 regni
1001 910 1209 950 caelorum
1228 926 1241 950 .·
1273 910 1396 950 vobis
1419 925 1547 951 vero:
1582 911 1680 952 Non
1711 914 1814 953 novi
1831 928 1914 963 vos,
1935 915 2017 954 dis-

361 980 490 1020 cedite
521 994 547 1018 a
585 993 660 1028 me,
685 979 872 1031 operarii
910 978 1167 1031 iniqnitatis,
1205 986 1253 1019 ut
1286 980 1479 1031 separati
1510 980 1715 1021 sinistrae
1740 983 1888 1034 partis
1927 998 2021 1023 cnm

361 1049 510 1089 haedis
537 1048 644 1088 eatis
675 1047 720 1086 in
752 1047 892 1101 ignem
925 1055 1154 1088 aeternum.
1221 1049 1423 1101 Itemque
1457 1050 1577 1089 omni
1615 1057 1769 1091 sancto
1804 1053 2021 1093 sacerdoti
2044 1063 2080 1083 10

363 1118 634 1171 promittitur
651 1132 658 1156 ε
690 1116 753 1156 Et
772 1131 1054 1169 quaecumque
1073 1116 1250 1156 solveris
1270 1124 1397 1169 snper
1417 1124 1592 1167 terram,
1614 1126 1742 1159 erunt
1755 1120 1896 1160 solnta
1917 1127 1957 1160 et
1977 1121 2022 1161 in

359 1186 485 1226 caelis
501 1202 516 1226 .·
547 1192 586 1225 et
601 1198 884 1238 quaecumque
900 1184 1105 1237 ligaveris
1124 1191 1437 1236 superterram,
1451 1193 1579 1226 erunt
1597 1187 1736 1238 ligata
1758 1194 1798 1227 et
1819 1188 1864 1227 in
1886 1188 2021 1228 caelis.

361 1255 449 1296 Sed
485 1253 711 1307 quomodo
748 1266 825 1293 vos
858 1252 1023 1305 aliquid
1056 1252 1246 1302 solvetis,
1279 1260 1327 1294 ut
1362 1254 1418 1294 sit
1452 1253 1645 1295 solutum
1676 1261 1719 1295 et
1754 1256 1796 1295 in
1832 1257 1975 1305 caelis,
1998 1270 2023 1297 a

360 1323 481 1363 caelo
503 1323 561 1363 ob
590 1321 752 1362 scelera
783 1322 979 1375 adempti
1017 1328 1060 1362 et
1090 1323 1350 1363 immanium
1383 1329 1663 1376 peccatorum
1698 1324 1872 1365 funibus
1905 1340 2022 1366 com-

363 1393 511 1446 pediti,
534 1399 581 1432 ut
605 1391 817 1432 Salomon
841 1405 1018 1444 quoque
1040 1392 1126 1432 ait:
2044 1402 2080 1432 15

481 1493 518 1536 C
516 1493 713 1534 rinicnlis
722 1493 1008 1545 peccatoruml
1029 1508 1205 1534 suorum
1228 1495 1519 1548 unusquisqne
1539 1496 1895 1549 constringitur?

363 1604 553 1657 Quaque
574 1603 744 1643 ratione
765 1601 930 1655 aliquid
955 1602 996 1642 in
1021 1608 1135 1642 terra
1158 1602 1362 1655 ligabitis,
1385 1605 1503 1655 quod
1528 1617 1660 1656 supra
1683 1605 1864 1644 modum
1888 1606 2022 1645 etiam

364 1673 522 1726 ligetur
564 1677 737 1724 praeter
776 1671 1083 1723 vosmetipsos,
1120 1671 1196 1723 qui
1238 1671 1300 1711 ita
1341 1671 1463 1724 ligati
1506 1672 1812 1725 iniquitatibus
1855 1674 1897 1713 in
1940 1673 2023 1713 hoc

365 1742 532 1782 mundo
554 1739 778 1789 tenemini,
801 1746 847 1779 ut
880 1740 921 1778 in
955 1739 1087 1779 caelis
1119 1753 1399 1792 nequaquam
1431 1742 1691 1791 ascendatis,
1713 1742 1789 1782 sed
1822 1742 2023 1782 infaustis

363 1810 515 1851 tartari
538 1808 781 1862 ergastuliS,
804 1822 891 1848 non
915 1808 1112 1848 conversi
1136 1808 1178 1848 in
1202 1808 1283 1848 hac
1307 1809 1396 1849 vita
1419 1809 1474 1849 ad
1499 1810 1755 1860 Dominum,
1777 1810 2023 1852 decidatis?
2045 1815 2084 1834 ²0

453 1879 546 1919 Nec
573 1877 654 1917 sibi
678 1877 911 1930 quisquam
945 1877 1223 1917 sacerdotum
1258 1878 1312 1918 de
1345 1879 1539 1930 corporis
1573 1879 1725 1919 mundi
1758 1879 1900 1920 solum
1924 1894 2026 1919 con-
2053 1884 2068 1914 I
2088 1883 2145 1915 IO

365 1948 547 1989 scientia
579 1946 858 1999 supplaudat,
888 1960 987 1986 cum
1021 1960 1171 1986 eorum
1205 1947 1302 1999 quis
1340 1954 1525 1999 praeest,
1551 1948 1586 1987 si
1621 1948 1693 2000 qui
1724 1954 1903 2001 propter
1935 1949 2026 1988 eius

364 2016 630 2070 imperitiam
661 2015 729 2055 vel
761 2015 977 2055 desidiam
1011 2028 1086 2055 seu
1119 2014 1420 2055 adulationem
1454 2017 1674 2069 perierint,
1697 2017 1739 2056 in
1773 2017 1844 2057 die
1877 2017 2025 2057 iudicii

363 2086 418 2125 de
460 2085 657 2124 eiusdem
705 2084 920 2133 manibus,
962 2083 1096 2124 veluti
1149 2083 1453 2133 interfectoris,
1495 2085 1667 2124 animae
1723 2085 2026 2138 exquirantur.

365 2154 482 2207 Quia
504 2166 583 2193 nec
601 2151 770 2192 dulcior
801 2166 917 2191 mors
949 2166 1062 2205 quae
1095 2152 1277 2193 infertur
1299 2166 1324 2192 a
1346 2153 1464 2193 bono
1485 2167 1662 2206 quoque
1691 2152 1871 2193 homine
1893 2167 2025 2206 quam
2047 2165 2084 2194 25

366 2222 507 2262 malo:
540 2221 734 2274 alioquin
778 2234 865 2260 non
908 2221 1097 2261 dixisset
1139 2221 1366 2273 apostolus
1402 2221 1522 2261 velut
1559 2227 1792 2274 paternum
1831 2220 2026 2274 legatum

367 2292 455 2331 suis
498 2289 822 2330 successoribus
864 2289 1198 2343 derelinquens:
1250 2290 1451 2330 Mundus
1491 2303 1562 2342 ego
1605 2303 1701 2330 snm
1742 2289 1796 2330 ab
1836 2289 2027 2330 omnium

368 2359 587 2412 sangnine.
650 2359 751 2398 Non
774 2358 886 2398 enim
910 2358 1161 2412 subte7fngi,
1183 2373 1263 2412 quo
1285 2359 1430 2399 minus
1450 2359 1756 2399 annuntiarem
1775 2358 1892 2399 vobis
1911 2373 2031 2398 omne

366 2428 617 2480 mysterium
649 2427 743 2468 Dei.
809 2427 1091 2480 Multumque
1129 2441 1231 2468 nam
1268 2442 1345 2468 usa
1377 2441 1427 2468 ac
1465 2427 1710 2481 frequentia
1748 2434 2026 2481 peccatorum

370 2497 571 2538 inebriati
595 2502 638 2536 et
662 2498 930 2536 incessanter
952 2497 1215 2537 irruentibus
1238 2496 1362 2537 vobis
1385 2496 1597 2536 scelerum
1631 2496 1954 2536 cumulatorum
1979 2510 2028 2536 ac
2048 2505 2086 2534 30

368 2567 402 2605 si
438 2566 566 2605 undis
598 2566 793 2618 quassati
823 2578 959 2605 unum
982 2565 1117 2605 veluti
1141 2571 1241 2618 post
1265 2565 1555 2617 naufragium,
1577 2565 1619 2604 in
1643 2578 1730 2617 qua
1752 2564 1807 2604 ad
1831 2565 2028 2604 vivorum

369 2641 531 2674 terram
555 2634 765 2683 evadatis,
787 2634 1086 2686 paenitentiae
1109 2635 1306 2675 tabulam
1330 2641 1426 2675 toto
1449 2635 1583 2674 animi
1607 2634 1703 2673 nisu
1727 2633 1960 2685 exquirite,
1982 2640 2029 2673 ut

369 2711 593 2744 avertatur
635 2703 756 2743 furor
798 2703 980 2743 Domini
1023 2717 1048 2743 a
1089 2704 1214 2744 vobis
1267 2703 1605 2743 misericorditer
1657 2702 1868 2742 dicentis:
1918 2701 2031 2741 Nolo

370 2779 545 2813 mortem
559 2771 801 2824 peccatoris,
822 2772 900 2812 scd
917 2779 965 2811 ztt
984 2779 1257 2813 convertatur
1275 2779 1316 2812 et
1335 2772 1466 2812 vivat.

463 2842 561 2894 Ipse
601 2841 885 2894 omnipotens
934 2841 1054 2881 Deus
1104 2841 1232 2882 totins
1279 2840 1574 2881 consolationis
1624 2846 1665 2880 et
1717 2838 2032 2879 misericordiae
2051 2844 2088 2873 35

372 2910 664 2963 paucissimos
687 2911 827 2950 bonos
851 2916 1050 2963 pastores
1082 2916 1312 2950 conservet
1340 2910 1396 2950 ab
1427 2909 1547 2950 omni
1581 2909 1698 2948 malo
1721 2915 1764 2948 et
1788 2908 2032 2960 municipes

442 3088 452 3108 ¹
482 3089 686 3122 Crim'culis
704 3091 950 3132 peccalorum.
1018 3088 1110 3122 This
1127 3088 1156 3123 is
1176 3100 1197 3122 a
1218 3088 1321 3133 piece
1340 3089 1381 3123 of
1403 3089 1477 3122 Old
1498 3087 1606 3122 Latin
1627 3101 1632 3122 :
1660 3088 1723 3122 the
1741 3086 1863 3121 words
1883 3097 1968 3129 may
1987 3086 2033 3120 be

373 3147 460 3179 read
482 3146 516 3179 in
535 3147 629 3189 Aug.
651 3147 784 3180 Enarr.
808 3146 843 3179 in
866 3147 922 3180 Ps.
948 3156 1022 3189 139,
1042 3158 1071 3180 c.
1093 3156 1146 3190 39,
1168 3147 1299 3180 Enarr.
1317 3145 1353 3180 in
1375 3147 1433 3179 Ps.
1457 3154 1508 3190 57,
1528 3157 1556 3180 c.
1576 3155 1596 3187 4
1617 3158 1624 3186 ;
1652 3145 1676 3179 it
1695 3155 1858 3179 answers
1885 3144 1965 3177 well
1991 3150 2029 3177 to

375 3204 437 3237 the
460 3204 562 3236 LXX
583 3205 713 3248 σειραῖς
739 3204 774 3237 δὲ
802 3207 870 3236 τῶν
899 3205 1019 3237 ἑαυτοῦ
1045 3207 1228 3248 ἁμαρτιῶν.
1280 3205 1363 3247 Vg„
1389 3207 1424 3237 et
1446 3203 1600 3244 funibus
1618 3205 1852 3247 peccatorum
1879 3212 2032 3235 suorum

373 3262 652 3304 constringitur.
706 3261 906 3294 Sabatier's
927 3263 1011 3294 Ant.
1033 3262 1152 3295 versio
1172 3262 1279 3296 reads
1294 3262 1485 3306 sunit-ulfic
