2173 3556
269 317 329 372 36
768 310 846 355 De
870 309 1080 356 Excz'clzo
1106 307 1420 355 Britanniae.

265 449 462 501 equitum
487 447 527 486 in
553 454 676 496 terra,
706 453 934 486 nautaram
960 445 1001 484 in
1041 445 1148 484 mari
1173 457 1324 484 cursus
1348 443 1642 483 accelerantes
1666 443 1918 495 inopinatos

267 516 468 568 primum,
491 515 669 554 tandem
709 513 920 553 terribiles
949 512 1223 551 inimicorum
1249 510 1490 550 cervicibus
1528 509 1717 563 infigunt
1753 524 1920 550 mucro-

268 597 372 623 num
417 597 584 635 ungues
631 582 890 633 casibusque
939 580 1139 619 foliorum
1184 587 1383 632 tempore
1424 586 1543 619 certo
1581 579 1920 619 adsimilandam

268 653 437 692 hisdem
463 658 678 704 peragunt
701 657 906 701 stragem,
930 663 978 688 ac
1014 650 1047 688 si
1085 655 1321 688 montanus
1344 655 1514 688 torrens
1537 649 1697 688 crebris
1732 655 1922 701 tempes-

268 728 408 761 tatum
443 720 590 759 rivulis
618 725 770 758 auctus
793 730 1040 769 sonoroque
1073 724 1220 757 meatu
1244 717 1391 757 alveos
1424 718 1659 757 exundans
1683 731 1732 757 ac
1755 717 1923 757 sulcato
1967 734 1981 762 5

268 792 398 830 dorso
423 789 651 840 fronteque
674 801 784 833 acra,
807 786 973 833 erectis,
1006 792 1052 825 ut
1085 786 1219 834 aiunt,
1242 787 1297 826 ad
1322 785 1504 826 nebulas
1537 786 1665 826 undis
1688 785 1921 838 (luminum

268 858 425 910 quibus
459 856 625 910 pupilli,
648 869 858 908 persaepe
897 855 996 894 licet
1032 854 1342 907 palpebrarum
1376 854 1682 895 convolatibus
1715 855 1925 903 innovati,

269 927 484 966 adiunctis
518 926 722 964 rimarum
762 931 953 963 rotarum
983 923 1106 963 lineis
1145 923 1388 975 fuscantur)
1413 923 1668 964 mirabiliter
1700 937 1925 976 spumans,

269 1001 335 1034 ast
360 1007 446 1033 uno
461 993 653 1032 obiectas
668 992 747 1031 sibi
771 991 931 1031 evincit
945 991 1118 1043 gurgite
1142 991 1308 1031 moles.l
1354 992 1423 1032 Ita
1445 992 1720 1032 aemulorum
1745 993 1923 1044 agmina

270 1059 504 1099 auxiliares
539 1059 713 1111 egregii,
745 1058 779 1097 si
812 1072 899 1110 qua
936 1064 1084 1097 tamen
1123 1058 1308 1098 evadere
1345 1064 1593 1111 potuerant,
1636 1071 1926 1111 praepropere
1948 1074 1983 1093 10

270 1135 388 1168 trans
427 1128 564 1167 maria
606 1127 878 1179 fugaverunt,
912 1127 1015 1179 quia
1048 1127 1367 1166 anniversarias
1410 1127 1536 1167 avide
1578 1127 1764 1180 praedas
1806 1127 1926 1167 nullo

270 1197 513 1236 obsistente
537 1202 655 1235 trans
680 1195 816 1234 maria
838 1195 1184 1247 exaggerabant.

360 1265 497 1317 Igitur
551 1265 753 1312 Romani,
805 1264 972 1316 patriae
1023 1264 1354 1304 denuntiantesa
1405 1278 1684 1317 nequaquam
1738 1279 1783 1305 se
1835 1271 1925 1305 tam
1956 1258 2009 1301 IS

270 1333 497 1373 laboriosis
530 1333 890 1385 expeditionibus
923 1347 1052 1385 posse
1087 1333 1359 1385 frequentius
1382 1333 1533 1373 vexari
1569 1340 1612 1373 et
1649 1333 1706 1373 ob
1729 1333 1928 1374 imbelles

269 1403 561 1454 erraticosque
614 1401 880 1442 latrunculos
930 1402 1135 1441 Romana
1186 1401 1427 1454 stigmata‚2
1477 1408 1651 1442 tantum
1705 1402 1928 1455 talemque
1952 1420 1986 1448 15

269 1473 525 1520 exercitum,
541 1478 653 1511 terra
676 1485 725 1510 ac
761 1471 868 1510 mari
893 1470 1091 1523 fatigari;
1130 1469 1205 1510 sed
1230 1477 1276 1510 ut
1309 1471 1455 1524 potius
1478 1470 1571 1510 sola
1603 1470 1930 1511 consuescendo

270 1541 401 1580 armis
424 1554 473 1580 ac
496 1540 674 1580 viriliter
695 1539 950 1579 dimicando
972 1546 1146 1589 terram,
1163 1539 1518 1589 substantiolam,
1536 1540 1756 1593 coniuges,
1772 1540 1930 1580 liberos

271 1617 325 1658 et,
357 1609 475 1662 quod
499 1609 565 1648 his
590 1609 729 1648 maius
753 1615 829 1657 est,
853 1608 1101 1649 libertatem
1125 1609 1352 1661 vitamque
1374 1609 1480 1649 totis
1502 1609 1666 1649 viribus
1689 1610 1930 1649 vindicaret

271 1683 314 1715 et
348 1675 552 1728 gentibus
586 1689 865 1728 nequaquam
900 1676 981 1715 sibi
1021 1676 1285 1725 fortioribus,
1323 1676 1404 1715 nisi
1443 1677 1631 1729 segnitia
1675 1683 1717 1717 et
1755 1683 1931 1729 torpore

271 1743 590 1793 dissolveretur,
614 1745 799 1784 inermes
819 1745 1001 1784 vinculis
1021 1745 1274 1785 vinciendas
1290 1744 1411 1784 nullo
1436 1745 1581 1794 modo,
1595 1745 1671 1784 sed
1697 1746 1930 1786 instructas
1952 1772 1989 1790 20

272 1813 399 1866 peltis
420 1814 595 1853 ensibus
628 1813 765 1854 hastis
803 1820 845 1853 et
876 1815 929 1853 ad
969 1814 1149 1853 caedem
1174 1820 1403 1866 promptas
1437 1814 1719 1866 protenderet
1761 1829 1929 1864 manus,

275 1882 521 1930 suadentes,
563 1882 664 1934 quia
702 1888 745 1921 et
786 1882 868 1922 hoc
911 1883 1130 1935 putabant
1167 1882 1331 1935 aliquid
1379 1882 1725 1935 derelinquendo
1768 1884 1932 1936 populo

271 1950 490 1989 commodi
531 1950 792 1999 adcrescere,
825 1965 998 1990 murum
1042 1965 1128 1991 non
1176 1957 1223 1991 ut
1265 1950 1483 2000 alte1·um‚³
1524 1959 1704 2005 sumptu
1748 1952 1926 2004 publico

345 2127 356 2148 ¹
385 2129 541 2172 Gurgite
560 2129 678 2171 moles,
698 2129 740 2162 cf.
770 2130 869 2173 [ἴρηξ.
891 2130 996 2171 Aen„
1018 2128 1051 2172 ii,
1072 2138 1138 2172 427
1157 2142 1162 2164 :
1192 2129 1470 2175 Oppositasque
1489 2130 1597 2165 evicit
1616 2131 1763 2176 gurgite
1783 2134 1908 2168 moles.

345 2197 358 2216 ²
383 2198 552 2230 Romam
581 2199 760 2242 sszssgmafa
773 2210 785 2230 .·
812 2210 833 2232 a
850 2199 989 2243 sagma
1008 2199 1168 2244 (στίγμα)
1199 2211 1273 2234 was
1292 2212 1314 2234 a
1331 2200 1451 2234 brand
1471 2199 1677 2245 impressed
1697 2214 1795 2247 upon
1816 2203 1937 2237 slaves

276 2256 350 2289 and
376 2255 547 2298 amsans,
566 2267 607 2289 as
626 2268 647 2289 a
667 2256 771 2289 mark
790 2256 831 2289 of
851 2257 1073 2301 mmership,
1099 2269 1140 2291 or
1166 2258 1221 2291 for
1241 2257 1519 2292 identification.
1569 2260 1769 2304 Saganam,
1797 2261 1864 2295 lzoc
1887 2266 1940 2295 est

277 2318 363 2346 nota
374 2314 536 2357 publica,
546 2314 815 2358 ſszlm-z'smsium
835 2315 1005 2357 braclll‘z's,
1036 2316 1089 2349 ad
1102 2317 1362 2350 invitationem
1382 2317 1558 2360 liranum,
1584 2318 1797 2363 zblst'lgczlur,
1818 2324 1860 2353 ul
1876 2320 1942 2354 hoc

278 2372 382 2405 moda
400 2372 528 2405 saltem
543 2373 688 2414 posssns
703 2373 895 2405 lalt'lanle-x*
912 2375 1070 2417 agnoui.
1124 2374 1208 2407 cod.
1234 2375 1268 2408 T
1264 2375 1363 2408 llcod.
1394 2388 1425 2418 x,
1456 2385 1510 2417 22,
1541 2385 1571 2417 4.
1639 2377 1680 2410 In
1700 2377 1762 2411 the
1791 2386 1939 2422 present

282 2442 441 2473 passage
461 2430 522 2463 the
543 2430 666 2463 marks
686 2442 727 2463 or
745 2431 926 2464 emblems
940 2432 981 2465 of
993 2433 1138 2466 Roman
1158 2444 1281 2477 power
1294 2434 1414 2467 would
1433 2433 1479 2467 be
1498 2434 1559 2468 the
1578 2434 1756 2469 disasters
1776 2436 1939 2470 inflicted

283 2500 380 2532 upon
401 2489 462 2522 the
481 2488 711 2530 barbarians,
740 2489 813 2522 and
845 2489 950 2523 these
981 2489 1090 2533 again
1123 2502 1217 2525 wele
1245 2490 1376 2525 yisible
1404 2491 1439 2525 in
1471 2492 1533 2526 the
1566 2493 1711 2527 Roman
1743 2506 1848 2538 army
1866 2495 1939 2529 and

284 2557 389 2589 navy,
406 2557 445 2579 as
466 2546 526 2579 the
558 2558 686 2579 means
707 2547 747 2579 of
771 2546 945 2591 effecting
973 2548 1086 2581 them.
1144 2549 1174 2582 It
1195 2547 1234 2591 is,
1255 2549 1435 2591 however,
1464 2550 1628 2593 possible
1656 2551 1733 2585 that
1755 2552 1884 2587 Gildas
1912 2553 1941 2587 is

286 2603 395 2646 using
430 2603 491 2636 the
522 2604 630 2645 word,
659 2603 692 2636 in
723 2616 744 2637 a
780 2615 888 2637 sense
915 2612 978 2638 not
1005 2605 1119 2639 found
1146 2606 1357 2648 elsewhere,
1389 2607 1444 2640 for
1471 2607 1533 2641 the
1556 2609 1699 2642 Roman
1728 2611 1938 2645 standard&

285 2661 410 2694 Scholl
447 2660 612 2694 includes
647 2663 785 2704 sagma
812 2661 846 2694 in
889 2661 945 2695 his
981 2662 1039 2696 list
1067 2663 1108 2696 of
1130 2664 1249 2698 words
1276 2664 1389 2698 found
1417 2665 1502 2709 only
1529 2665 1564 2699 in
1593 2665 1735 2710 Gildas,
1761 2679 1802 2701 or
1827 2669 1940 2703 found

282 2730 369 2761 very
388 2719 515 2761 rarely.

350 2786 363 2806 ²³
390 2787 548 2819 illarum
568 2799 640 2820 mm
667 2792 709 2820 ul
733 2788 904 2822 allcrum.
958 2790 1038 2823 'she
1071 2791 1150 2824 wall
1183 2791 1224 2824 of
1252 2791 1420 2826 Hadrian
1451 2792 1583 2827 rebuilt
1612 2794 1653 2827 os
1680 2801 1795 2830 stone.
1857 2797 1942 2831 Vide

355 2929 369 2943 ἕ*
390 2921 421 2953 Α
441 2921 570 2964 gwctly
590 2921 720 2954 daruot
746 2922 887 2965 cwplau
906 2921 1041 2964 gwcith
1061 2935 1081 2966 y
1101 2934 1182 2956 mur
1209 2935 1229 2966 y
1249 2923 1415 2967 menegis
1434 2936 1535 2968 gwyr
1555 2925 1698 2960 Ruuein
1726 2939 1767 2970 yr
1789 2928 1940 2971 Ery-tan>

283 2975 355 3017 yceit
375 2976 437 3018 liyt
458 2988 503 3009 na
523 2977 633 3018 cllynt
655 2988 708 3018 wy
727 2984 870 3020 gymryt
892 2977 998 3010 llafur
1015 2989 1036 3010 a
1057 2977 1223 3021 pherigyl
1243 2990 1285 3012 ac
1313 2979 1459 3022 aneiryf
1480 2979 1582 3013 dreul
1607 2993 1648 3014 ar
1667 2993 1740 3024 wyr
1767 2983 1909 3016 Ruuein
1936 2996 1942 3025 ;

283 3043 323 3063 ac
351 3042 462 3063 :irueu
490 3044 507 3063 a
537 3030 675 3063 meirch
700 3043 742 3064 ac
767 3043 831 3064 eur
852 3044 894 3065 ac
924 3039 1053 3076 aryant
1085 3045 1125 3065 ar
1149 3045 1214 3065 vor
1244 3045 1286 3067 ac
1317 3046 1358 3067 ar
1388 3034 1444 3067 dir
1472 3047 1518 3078 yn
1555 3035 1735 3080 keissyaw
1763 3039 1941 3082 amdiffyn

284 3089 391 3131 pobyl
413 3100 490 3121 mor
514 3090 585 3121 lese
613 3101 655 3122 ae
676 3095 819 3132 wynteu
847 3101 868 3133 y
887 3101 959 3133 gan
979 3091 1313 3134 grwydyredigyon
1335 3092 1463 3126 ladron
1483 3105 1503 3126 a
1523 3096 1775 3137 gormessoesl.
1828 3098 1861 3130 A
1880 3097 1943 3132 bot

284 3145 396 3178 sened
430 3145 572 3179 Ruuein
601 3157 646 3188 yn
679 3146 812 3180 blinaw
839 3158 860 3179 0
879 3147 1040 3180 (li-eulaw
1067 3159 1111 3181 eu
1139 3148 1185 3182 da
1209 3160 1252 3182 ac
1283 3161 1327 3183 eu
1355 3150 1442 3184 fwllt
1465 3162 1545 3184 mor
1572 3152 1731 3186 wastata
1750 3153 1876 3197 hynny
1895 3167 1942 3198 yn

283 3201 412 3235 kerdet
438 3213 517 3235 mor
543 3214 564 3236 a
584 3202 666 3245 thir,
694 3215 735 3236 ac
764 3215 810 3246 yn
830 3203 961 3238 diodef
982 3205 1219 3250 agheuolyon
1247 3206 1412 3251 berigleu
1432 3208 1614 3243 drostunt.
1666 3211 1699 3243 A
1718 3211 1781 3245 bot
1800 3222 1847 3254 yn
1864 3213 1944 3246 well

285 3257 466 3296 ganniunt
495 3257 631 3299 ‹lilyssu
659 3269 703 3291 eu
739 3265 906 3301 teyrnget
942 3271 989 3292 no
1023 3260 1159 3303 hynny.
1212 3263 1266 3294 Ac
1296 3270 1383 3305 ygyt
1406 3275 1426 3296 a
1454 3263 1579 3307 hynny
1605 3265 1667 3298 bot
1700 3277 1745 3309 yn
1779 3265 1943 3301 iawnach
