2214 3556
100 381 217 409 ,llaltln
237 381 274 413 vi,
294 391 319 410 2.

102 453 111 480 I
136 453 218 481 Tim.
234 454 274 486 iii,
290 464 314 491 3.

94 863 102 889 Ι
127 862 209 891 Tim.
232 863 271 895 iii,
291 874 316 900 4.

90 1145 101 1173 Ι
125 1146 206 1174 Tim.
228 1147 268 1177 iii.
289 1157 304 1182 ,ς

85 1339 95 1366 Ι
118 1340 200 1368 Tim.
214 1340 252 1373 ii1,
264 1341 343 1369 8-1o.

74 2227 192 2256 Mami
213 2228 272 2261 xvi,

118 2268 163 2299 16,
186 2277 229 2303 17.

73 2569 189 2597 illlam.
210 2570 266 2601 xvi,
291 2572 332 2598 18.

74 2641 188 2668 ,llatlln
210 2642 257 2673 vii.
277 2644 321 2670 26.

387 240 479 301 248
883 245 964 290 De
987 244 1198 292 Excidio
1222 246 1539 293 Britanniae.

382 377 442 416 ita
464 378 637 418 dicente
656 394 662 418 :
694 379 834 419 Amen
852 379 941 420 dico
963 381 1088 430 vobis,
1105 388 1343 433 receperunt
1363 381 1588 421 mercedem
1610 394 1743 420 suam.
1811 380 2038 429 Ornatam,

381 461 461 486 mm
483 447 757 497 vinolentum,
780 462 860 488 mm
884 456 1182 500 percussorem,
1203 450 1280 489 sed
1306 450 1550 497 modestum,
1573 463 1654 488 non
1685 449 1934 501 litigiosum,
1957 463 2037 489 non

375 515 582 567 cupidum.
647 516 686 557 O
707 516 850 557 feralis
881 518 1141 558 inmutatio!
1205 518 1245 559 O
1268 518 1487 558 horrenda
1510 524 1844 570 praeceptorum
1878 517 2038 557 caeles-

376 585 485 624 tium
510 585 811 626 conculcatio!
878 586 1037 626 Nonne
1060 587 1396 639 infatigabiliter
1428 588 1481 627 ad
1514 586 1622 626 haec
1645 586 1947 639 expugnanda
1969 586 2035 625 vel

377 654 523 705 potius
564 653 791 694 obruenda
828 661 1005 695 actuum
1042 655 1364 708 verborumque
1399 669 1522 695 arma
1563 655 1792 707 corripitis,
1830 669 1908 707 pro
1939 656 2036 707 quis
2072 671 2089 699 5

375 722 686 762 conservandis
723 729 856 775 atque
889 723 1129 772 firmandis,
1163 724 1198 763 si
1237 737 1415 764 necesse
1458 724 1621 774 fuisset,
1658 730 1702 764 et
1743 738 1887 776 poena
1921 723 2036 764 ultro

374 791 603 831 subeunda
625 797 668 831 et
690 792 780 831 vita
813 793 1019 844 ponenda
1042 797 1169 832 erat?

460 859 548 900 Sed
583 859 811 900 videamus
852 866 896 900 et
937 862 1192 913 sequentia:
1235 861 1437 910 Domum,
1474 861 1627 914 inquit,
1661 875 1786 901 suam
1829 861 1926 901 bene
1972 875 2026 900 re·
2060 874 2148 918 109

365 934 546 979 gentem,
557 927 679 980 filios
699 927 917 968 habentem
938 929 1128 969 subditos
1147 943 1240 969 cum
1258 929 1377 969 omni
1386 929 1607 969 castitates
1633 929 1754 981 Ergo
1777 929 2032 981 imperfecta

373 1002 437 1034 est
471 1002 644 1048 patrum
679 997 871 1046 castitas,
893 998 927 1036 si
963 998 1106 1038 eidem
1141 1012 1226 1037 non
1265 1004 1309 1038 et
1339 997 1526 1037 filiorum
1560 997 1876 1038 adcumuletur.
1939 998 2027 1039 Sed
2051 1017 2087 1036 10

372 1062 476 1114 quid
500 1062 591 1109 erit,
616 1062 687 1102 ubi
713 1076 792 1102 nec
816 1069 940 1115 pater
963 1077 1042 1103 nec
1066 1063 1179 1104 filius
1203 1064 1305 1103 mali
1338 1064 1551 1116 genitoris
1584 1063 1793 1116 exemplo
1823 1070 2031 1116 pravatus

370 1131 638 1183 conspicitur
679 1136 859 1171 castus?
942 1132 1000 1173 Si
1036 1133 1134 1184 quis
1165 1139 1307 1172 autem
1345 1132 1495 1172 domui
1525 1146 1628 1172 suae
1660 1139 1851 1184 praeesse
1893 1132 2031 1181 nescit,

369 1198 573 1250 quomodo
594 1199 781 1239 ecclesiae
797 1199 885 1239 Dei
901 1200 1175 1253 diligentiam
1198 1200 1414 1240 adhibebit
1428 1201 1454 1240 P

458 1267 582 1307 Haec
625 1274 727 1308 sunt
769 1268 914 1317 verba,
956 1282 1069 1321 quae
1118 1268 1378 1309 indubitatis
1430 1268 1659 1309 effectibus
1715 1267 2028 1321 approbantur.

368 1336 579 1376 Diaconos
608 1337 813 1376 simililer
822 1337 1011 1389 pudicos,
1035 1351 1115 1377 non
1147 1338 1368 1390 bilingues,
1392 1352 1472 1377 non
1505 1337 1604 1377 vino
1637 1337 1820 1377 multum
1858 1337 2029 1386 deditos,
2050 1356 2084 1384 15

366 1419 446 1445 mm
478 1412 600 1457 turpe
629 1406 795 1445 lucrum
828 1413 1041 1455 sectantes,
1063 1406 1261 1446 habentes
1292 1406 1542 1458 mysterium
1560 1406 1675 1459 fidei
1703 1405 1748 1445 in
1779 1406 2029 1446 conscientia

354 1482 483 1526 pura.
547 1475 617 1514 Hi
634 1482 776 1515 azztem
787 1475 1027 1527 probentur
1036 1476 1234 1528 primum
1266 1482 1307 1515 et
1331 1475 1392 1515 sic
1413 1475 1661 1515 ministrent
1681 1475 1848 1515 nullum
1869 1475 2027 1515 crimen

364 1543 570 1583 habentes.
636 1544 719 1583 His
750 1544 956 1583 nimirum
1000 1544 1256 1584 horrescens
1298 1544 1373 1583 diu
1412 1543 1635 1583 immorari
1671 1556 1806 1583 unum
1839 1543 2028 1583 veridice

364 1625 543 1664 possum
568 1612 724 1660 dicere,
747 1612 852 1664 quin
880 1612 987 1651 haec
1020 1613 1170 1652 omnia
1203 1613 1245 1652 in
1279 1612 1521 1652 contrarios
1551 1618 1675 1652 actus
1708 1617 1944 1661 mutentur,
1967 1613 2027 1652 ita

365 1687 411 1720 ut
435 1681 590 1729 clerici,
606 1681 722 1733 quod
748 1694 835 1720 non
859 1681 1025 1733 absque
1049 1681 1200 1721 dolore
1222 1680 1366 1720 cordis
1390 1681 1539 1729 fateor,
1559 1681 1782 1733 impudici,
1798 1680 2025 1733 bilingues,
2045 1697 2082 1716 20

364 1747 483 1796 ebrii,
525 1747 664 1800 turpis
701 1747 806 1787 lucri
859 1747 1020 1799 cupidi,
1062 1747 1277 1787 habentes
1320 1746 1451 1787 fidem
1494 1753 1550 1795 et,
1592 1753 1640 1786 ut
1681 1747 1824 1786 verius
1866 1747 2024 1796 dicam,

364 1815 668 1856 infidelitatem
701 1816 742 1855 in
778 1816 1047 1855 conscientia
1085 1817 1269 1868 impura,
1302 1829 1389 1855 non
1428 1816 1601 1868 probati
1637 1815 1679 1854 in
1717 1815 1846 1864 bono,
1868 1815 1943 1855 sed
1980 1817 2020 1855 in

363 1882 480 1922 malo
510 1896 641 1934 opere
678 1882 881 1934 praesciti
918 1882 1218 1922 ministrantes
1255 1888 1298 1922 et
1334 1883 1563 1922 innumera
1599 1882 1770 1921 crimini
1808 1881 2021 1921 habentes

360 1962 484 1988 sacro
507 1948 750 1988 ministerio
773 1948 1084 1988 adsciscantur.

447 2015 650 2055 Audistis
668 2014 801 2054 etiam
826 2013 899 2053 illo
921 2013 1003 2062 die,
1021 2027 1109 2066 quo
1132 2013 1272 2053 multo
1289 2014 1464 2066 dignius
1489 2013 1718 2066 multoque
1735 2013 1893 2053 rectius
1916 2018 2020 2061 erat,
2039 2032 2074 2060 25

359 2090 405 2123 ut
447 2083 501 2123 ad
535 2096 752 2122 carcerem
786 2082 852 2122 vel
895 2089 1110 2122 catastam
1154 2082 1403 2135 poenalem1
1445 2095 1577 2135 quam
1622 2081 1677 2122 ad
1720 2081 2016 2122 sacerdotium

357 2152 651 2197 traheremini,
686 2152 881 2191 Domino
914 2151 1166 2200 sciscitanti,
1198 2165 1329 2204 quem
1363 2165 1408 2191 se
1439 2164 1533 2190 esse
1566 2156 1773 2203 putarent
1804 2150 2020 2202 discipuli,

359 2222 535 2261 Petrum
556 2220 834 2272 respondisse
854 2236 860 2259 :
900 2220 964 2260 Tu
986 2235 1028 2260 es
1049 2220 1386 2273 Cllrzlscusfilius
1406 2219 1495 2259 Dei
1513 2219 1609 2259 vivi
1627 2220 1754 2272 eique
1774 2219 2018 2259 Dominum

358 2304 438 2342 pro
460 2290 535 2330 tali
559 2289 834 2329 consessione
863 2289 1056 2330 dixisse:
1092 2289 1253 2329 Beatus
1283 2304 1335 2338 es,
1361 2289 1514 2329 Simon
1545 2288 1642 2328 Bar
1662 2289 1779 2337 lona,
1800 2288 1903 2340 quia
1924 2302 2020 2327 caro

356 2366 397 2399 et
416 2359 595 2412 sanguis
617 2373 698 2398 mm
722 2358 928 2398 revelavit
948 2359 1037 2408 tibi,
1058 2359 1136 2398 sed
1152 2359 1291 2398 Pater
1311 2371 1428 2398 meus
1449 2357 1527 2410 qui
1552 2357 1597 2397 in
1619 2357 1745 2396 caelis
1765 2363 1833 2396 est.
1899 2357 2018 2408 Ergo
2037 2369 2075 2396 30

360 2429 514 2468 Petrus
538 2441 563 2467 a
587 2428 684 2467 Deo
710 2428 838 2467 Patre
869 2428 1025 2467 doctus
1059 2433 1174 2467 recte
1198 2427 1422 2467 Christum
1451 2425 1710 2466 confitetur:
1743 2425 1837 2466 Vos
1869 2432 2016 2465 autem

358 2497 511 2536 moniti
551 2510 576 2535 a
610 2502 734 2548 patre
775 2501 921 2535 vestro
962 2494 1140 2534 diabolo
1182 2495 1330 2547 inique
1371 2493 1635 2534 salvatorem
1680 2493 1806 2533 malis
1847 2493 2017 2532 actibus

355 2565 594 2617 denegatis„
640 2564 758 2604 Vero
776 2564 994 2604 sacerdoti
1011 2563 1207 2604 dicium-:2
1232 2563 1295 2602 Tu
1311 2577 1352 2603 es
1365 2563 1524 2602 Petrus
1541 2567 1579 2601 et
1592 2568 1718 2613 super
1732 2561 1842 2600 lianc
1843 2567 2015 2612 petram

354 2633 581 2687 aedificabo
612 2633 821 2672 ecclesiam
855 2647 1025 2673 meam:
1071 2646 1149 2672 vos
1186 2631 1365 2684 quidem
1404 2629 1709 2670 assimilamini
1752 2629 1845 2668 viro
1874 2629 2015 2676 stulto,

356 2703 433 2755 qui
463 2702 707 2755 aedificavit
735 2701 906 2741 domnm
938 2715 1062 2740 suam
1093 2708 1220 2752 snper
1245 2713 1434 2739 arenam.
1513 2698 1771 2738 Notandum
1803 2710 1905 2736 vero
1937 2703 2014 2742 est,
2033 2708 2070 2736 35

425 2809 435 2828 ¹
465 2809 654 2842 Cdlaslam
667 2809 870 2851 poenalem.
924 2810 994 2841 See
1014 2819 1048 2851 p.
1074 2816 1124 2851 53.

423 2869 435 2886 z
471 2867 556 2899 Vero
573 2866 756 2900 sacerdoti
770 2866 918 2900 dicitur.
986 2867 1086 2899 Here
1106 2866 1135 2899 is
1156 2864 1305 2909 implied
1327 2864 1405 2898 that
1424 2863 1520 2896 what
1541 2873 1614 2896 was
1633 2861 1713 2895 said
1733 2868 1769 2896 to
1789 2862 1850 2895 the
1870 2862 2013 2906 apostle

356 2924 385 2958 is
413 2924 492 2958 said
520 2931 556 2958 to
583 2935 693 2968 every
711 2923 835 2968 priest,
863 2923 1041 2968 provided
1069 2923 1125 2965 he,
1145 2924 1193 2967 by
1211 2923 1414 2964 character,
1433 2922 1479 2955 be
1505 2932 1526 2954 a
1553 2927 1631 2953 true
1659 2919 1781 2964 priest.
1837 2919 1867 2953 It
1895 2918 1924 2952 is
1951 2919 2012 2952 the

355 2981 520 3014 doctrine
540 2981 654 3015 found
675 2981 709 3014 in
729 2981 791 3014 the
811 2980 975 3024 writings
994 2981 1036 3014 of
1058 2979 1246 3024 Cyprian:
1277 2980 1370 3013 “the
1399 2978 1547 3012 Church
1574 2977 1604 3010 is
1631 2977 1795 3010 founded
1822 2987 1921 3020 upon
1949 2976 2012 3010 the

355 3038 539 3082 bishops,’¹
557 3039 702 3072 ecclesia
727 3041 840 3082 super
860 3039 1043 3083 episcopos
1068 3039 1277 3079 constituta,
1304 3037 1376 3081 Ep.
1404 3046 1436 3078 4,
1463 3045 1508 3077 4;
1535 3045 1589 3078 33,
1621 3045 1651 3069 1.
1704 3035 1784 3068 The
1813 3033 2011 3079 Cyprianic

356 3095 439 3129 idea
459 3107 583 3129 comes
602 3096 681 3129 also
699 3108 720 3129 a
739 3096 806 3129 few
825 3095 918 3129 lines
936 3096 1054 3129 below
1072 3108 1077 3130 :
1100 3095 1117 3111 ‘⁶
1134 3096 1196 3129 the
1212 3096 1309 3129 Lord
1324 3105 1408 3138 says
1425 3101 1460 3128 to
1476 3094 1583 3127 Peter
1598 3092 1672 3127 and
1684 3092 1741 3126 his
1756 3103 1969 3126 successors
1984 3091 2011 3132 ;''

354 3164 464 3197 evety
482 3153 645 3197 bishop²s
664 3153 767 3187 chair
784 3165 858 3188 was
876 3166 897 3187 a
916 3153 1018 3187 chair
1036 3154 1077 3187 of
1092 3154 1208 3187 Peter.
1261 3152 1314 3186 Cf.
1338 3151 1527 3193 Harnack,
1552 3151 1662 3184 Texle
1689 3149 1770 3183 und
1799 3149 1960 3192 &ntes-s„
1979 3161 2011 3190 v,

359 3221 384 3252 ι,
406 3228 431 3243 s.
455 3219 506 3252 74.
561 3211 687 3253 Solun,
707 3211 985 3254 Kz‘rclzezmms,
1006 3224 1051 3244 ss.
1074 3221 1139 3254 252
1161 3211 1234 3244 and
1256 3219 1331 3253 255.
