2214 3556
366 252 390 295 3
400 251 424 294 3
435 252 456 281 2
1032 236 1148 283 Vita
1177 236 1367 282 Gz'ldae.

453 371 589 423 Igitur
611 371 858 412 admirabili
882 372 1041 412 virtute
1064 371 1292 412 dilatatem
1318 371 1398 411 sibi
1430 370 1622 410 insulum
1646 370 1792 423 coepit
1814 369 2017 410 excolere
2043 372 2067 418 5

363 440 517 488 senior,
559 447 692 494 atque
735 441 1023 481 fecundandis
1080 438 1301 493 iugeribus
1355 440 1560 480 frumenti
1616 440 1783 480 semina
1836 439 2018 480 tradere.

365 508 565 561 Cumque
607 510 854 562 coepissent
897 510 1011 550 laeta
1053 509 1227 562 frugum
1270 509 1470 562 germina
1504 508 1730 561 pullulare,
1754 514 2020 561 aggregatae

363 591 465 617 aves
504 578 697 618 marinae
734 592 784 618 ea
818 585 1057 631 coeperunt
1091 578 1331 618 devastare.
1395 577 1526 630 Quod
1562 590 1659 616 cum
1694 577 1861 616 videret
1899 582 2022 628 pater

366 646 591 695 Hildutus,
614 648 837 699 praecepit
864 647 1089 700 discipulis
1119 647 1207 687 suis
1240 661 1339 687 cum
1374 653 1536 686 terrore
1567 659 1640 686 eas
1670 645 1863 698 effugare
1889 651 2021 697 atque
2059 660 2077 689 5

363 728 725 768 unumquemque
762 730 911 756 eorum
948 716 1020 755 die
1057 729 1136 755 suo
1173 722 1368 768 segetem
1404 715 1634 755 custodire.
1700 714 1759 754 Et
1792 727 1890 754 cum
1929 714 2022 753 dies

363 784 625 832 advenisset,
668 785 707 823 in
752 798 838 837 qua
872 790 1068 836 segetem
1105 791 1354 824 servaturus
1390 790 1482 823 erat
1520 783 1675 823 beatus
1716 782 1888 831 Paulus,
1925 781 2022 834 plus

363 852 492 892 solito
534 852 712 892 advenit
753 853 923 892 hostilis
965 853 1112 892 avium
1166 852 1417 901 multitudo,
1459 865 1572 904 quae
1623 851 1787 904 passim
1832 863 2020 890 messem

363 918 623 958 devastabat
646 919 883 959 tondendo.
949 919 1011 959 At
1045 926 1199 959 contra
1234 920 1368 958 mirae
1407 918 1566 958 indolis
1605 932 1712 971 puer
1748 917 1908 957 Paulus
1938 916 2022 956 huc

364 988 552 1040 illucque
574 988 820 1028 discurrens
843 1002 941 1028 cum
968 988 1135 1040 ingenti
1154 988 1344 1028 clamore
1363 1001 1436 1028 eas
1454 987 1676 1040 expellere
1701 986 1922 1026 nitebatur
1945 999 2023 1025 nec
2042 999 2080 1018 10

364 1056 656 1108 praevalebat.
738 1057 942 1096 Tandem
985 1070 1089 1110 ergo
1131 1057 1217 1096 iam
1261 1056 1400 1096 lassus
1442 1058 1631 1096 advocat
1672 1055 1826 1104 socios,
1868 1055 2023 1094 beatae

364 1127 601 1166 memoriae
633 1126 838 1167 videlicet
872 1126 1050 1168 Gildam
1084 1132 1217 1179 atque
1251 1126 1515 1168 Samsonem
1539 1124 2022 1173 venerandum—huius-

364 1196 483 1235 modi
526 1210 600 1236 eos
642 1197 883 1236 adhortans
925 1195 1230 1236 sermonibus:
1285 1194 1532 1236 Succurrite
1558 1195 1743 1246 fratres,
1783 1179 2024 1242 succurrite,

361 1265 582 1305 carissimi
598 1272 638 1305 et
658 1265 820 1305 damna
853 1279 1011 1305 mecum
1044 1264 1185 1304 nostri
1211 1264 1427 1304 vindicate
1459 1263 1673 1316 nmgzstri.
1736 1263 1842 1302 Ecce
1869 1262 2022 1302 etenim

362 1334 548 1374 hostium
611 1335 841 1374 multitudo
901 1334 1042 1374 nostri
1090 1334 1175 1373 late
1226 1333 1438 1373 consumit
1489 1339 1530 1372 et
1582 1331 1826 1384 depascitur
1872 1337 2026 1383 segetes
2044 1340 2079 1369 15

363 1403 552 1442 doctoris.
636 1403 812 1443 Sentiat
864 1417 961 1455 wgo
1017 1402 1282 1442 insatiabilis
1324 1401 1488 1454 praedo
1542 1400 1707 1441 debitas
1737 1407 1908 1452 poenaS,
1949 1400 2030 1452 qni

365 1472 503 1512 nostri
522 1472 730 1525 magistri
747 1472 940 1512 vastavit
959 1472 1130 1512 aristas.
1194 1472 1266 1511 Ad
1291 1471 1413 1511 cuius
1435 1484 1588 1510 vocem
1613 1470 1823 1510 advolant
1853 1469 1958 1509 socii
1981 1475 2024 1509 et

365 1541 569 1580 invocato
607 1541 785 1580 nomine
821 1540 982 1581 Christi
1021 1540 1352 1580 multitudinem
1393 1539 1708 1579 indomitarum
1742 1539 1887 1578 avium
1921 1551 2022 1577 con-

365 1616 599 1662 gregantes
634 1616 736 1649 ante
777 1623 823 1649 se
866 1609 949 1648 Dei
985 1608 1145 1648 virtute
1188 1607 1343 1661 repleti
1382 1607 1553 1647 minant
1595 1607 1716 1659 pueri
1758 1605 2023 1646 sanctissimi

364 1685 591 1732 tamquam
628 1679 832 1719 inertium
868 1678 1015 1718 ovium
1051 1691 1218 1730 greges,
1282 1676 1345 1716 At
1388 1676 1461 1716 ubi
1494 1682 1674 1716 ventum
1710 1681 1776 1715 est
1816 1675 1871 1714 ad
1909 1674 2024 1714 senis
2043 1692 2081 1712 πο

363 1747 676 1796 habitaculum,
708 1748 909 1800 captivae
951 1753 995 1787 et
1037 1745 1281 1786 indomitae
1324 1759 1426 1785 aves
1469 1758 1568 1785 cum
1612 1744 1948 1792 recluderentur,
1981 1743 2022 1783 in

362 1817 531 1857 caelum
564 1817 672 1857 dant
694 1830 850 1857 voces:
892 1829 1077 1869 quarum
1112 1815 1346 1867 strepitum
1387 1820 1518 1867 atque
1550 1813 1802 1866 clangorem
1841 1813 2024 1853 audiens

362 1900 499 1926 senex
525 1900 724 1939 egressus
757 1886 812 1926 ab
845 1886 1036 1926 oratorio
1061 1885 1179 1925 videt
1215 1885 1298 1924 Dei
1332 1885 1539 1924 virtutem
1573 1883 1903 1936 admiratusque
1935 1896 2023 1922 non

364 1956 594 1995 minimum
619 1962 790 1996 tantam
815 1956 855 1995 in
881 1968 1115 2008 puerorum
1141 1954 1345 1994 cordibus
1369 1952 1500 1993 fidem
1525 1953 1585 1993 ait
1608 1952 1691 1992 illis
1712 1968 1719 1992 :
1755 1952 2024 2005 Sinite,filii,

361 2025 490 2064 sinite
529 2039 629 2065 aves
668 2024 786 2064 abire
827 2024 983 2064 liberas
1000 2039 1014 2064 .·
1064 2023 1152 2063 iam
1189 2022 1376 2076 sufficiat
1414 2022 1530 2075 quod
1565 2022 1626 2061 sic
1663 2021 1886 2074 castigatis
1926 2021 2025 2061 illas
2042 2037 2080 2066 25

362 2094 400 2133 A
410 2093 534 2133 beant
568 2094 723 2134 liberae
757 2100 798 2133 et
836 2093 1025 2145 amplius
1065 2093 1111 2132 in
1145 2091 1314 2132 nomine
1348 2091 1533 2131 Domini
1562 2098 1729 2131 nostras
1759 2097 1912 2144 segetes
1943 2105 2024 2130 non

357 2169 640 2214 praesumant
657 2161 828 2202 laedere.
894 2162 1033 2214 Igitur
1057 2161 1297 2200 iussionem
1332 2160 1448 2200 senis
1472 2173 1560 2199 non
1585 2160 1798 2200 audentes
1821 2172 2025 2212 spernere

363 2245 464 2271 aves
487 2232 694 2271 dimissae
716 2231 847 2284 longe
871 2236 1143 2270 recesserunt
1165 2236 1208 2270 et
1232 2229 1411 2270 ulterius
1445 2229 1486 2269 in
1511 2230 1666 2269 eadem
1690 2229 1831 2269 insula
1852 2235 2024 2269 vastare

364 2308 534 2353 segetes
572 2314 659 2341 non
694 2305 1094 2353 praesumpserunt.
1159 2298 1287 2352 Quae
1325 2297 1467 2338 insula
1509 2311 1648 2351 usque
1682 2298 1724 2338 in
1763 2298 2022 2338 hodiernum

363 2370 479 2411 diem
506 2370 662 2410 Lanna
687 2369 879 2410 Hilduti1
902 2369 1130 2410 vocitatur.
2043 2386 2083 2415 30

432 2521 443 2542 ¹
469 2523 605 2556 Lamza
624 2522 790 2556 Hildnti.
851 2522 933 2556 Vita
951 2521 1072 2555 Pauli
1091 2532 1187 2565 says,
1203 2521 1304 2555 locus
1322 2521 1362 2554 in
1381 2531 1453 2564 quo
1470 2519 1641 2554 habitare
1659 2522 1906 2553 consuaverat
1917 2529 2023 2562 quem

363 2591 463 2614 nnnc
479 2581 594 2614 lltuti
618 2584 887 2614 monasterinm
917 2580 1047 2613 disant
1073 2579 1118 2622 (c.
1139 2585 1200 2622 9);
1231 2578 1306 2612 and
1339 2577 1560 2622 previously,
1590 2580 1673 2610 erat
1695 2581 1818 2610 autem
1842 2575 2023 2620 quaedam

364 2638 489 2671 insula
508 2639 632 2682 Pyrus
649 2639 807 2681 nomine,
826 2638 1086 2671 Demen‘arum
1105 2638 1145 2671 in
1152 2637 1298 2681 finibus
1314 2637 1387 2670 sita
1413 2636 1458 2679 (c.
1485 2635 1522 2679 6)
1542 2648 1548 2677 ;
1584 2636 1665 2669 Vita
1686 2636 1880 2668 Samsom's
1905 2646 2024 2669 some-

364 2697 461 2731 what
480 2696 700 2741 differently,
715 2700 797 2730 erat
809 2707 883 2730 non
901 2697 1008 2741 longe
1025 2695 1069 2728 ab
1081 2695 1148 2729 lzoc
1164 2695 1388 2728 monasterio
1406 2692 1493 2737 (ie,
1520 2692 1681 2736 Hiduti)
1700 2693 1826 2726 insula
1844 2692 2023 2737 quaedam

365 2756 661 2800 nujn'rfitndczta
678 2768 701 2789 a
719 2755 879 2799 quodam
897 2755 1043 2799 egregio
1061 2754 1145 2787 viro
1163 2765 1206 2787 ac
1220 2757 1346 2787 scmcto
1354 2752 1578 2797 presbytero,
1597 2752 1754 2793 nomine,
1773 2752 1865 2785 Piro
1893 2751 1942 2795 (A
1949 2752 2022 2785 nal.

366 2814 474 2855 l›'oll.‚
495 2813 540 2856 vi,
560 2826 592 2858 p.
615 2813 684 2857 03).
736 2814 806 2847 We
835 2813 968 2857 gather
995 2813 1089 2846 from
1108 2812 1213 2846 these
1231 2811 1331 2854 early
1356 2809 1498 2844 notices
1529 2810 1607 2844 that
1641 2809 1781 2843 Illtud's
1811 2816 2026 2853 monastery

366 2883 439 2903 was
458 2883 504 2903 on
524 2884 544 2904 a
564 2872 670 2904 small
690 2870 810 2904 island
837 2881 927 2904 near
947 2869 1071 2913 Dyfed
1089 2882 1096 2910 ;
1123 2869 1202 2902 that
1222 2869 1284 2902 the
1303 2868 1423 2902 island
1455 2879 1528 2901 was
1547 2867 1666 2901 called
1685 2867 1779 2901 after
1796 2867 1886 2900 both
1909 2866 2025 2909 Fisus,

366 2940 406 2961 οι·
428 2930 552 2972 l’yms,
572 2929 646 2963 and
681 2929 792 2963 llltud
811 2941 819 2971 ;
846 2929 926 2962 also
944 2929 1023 2962 that
1054 2939 1143 2961 near
1163 2926 1187 2960 it
1218 2927 1321 2960 there
1352 2937 1427 2960 was
1457 2937 1479 2959 a
1498 2932 1711 2969 monastery
1730 2924 1887 2967 (insula)
1906 2925 2026 2958 calleci

365 2984 413 3027 by
433 2985 493 3018 the
513 2996 621 3019 name
637 2985 679 3018 of
695 2984 810 3027 Pirus,
825 2996 846 3018 a
865 2985 1069 3029 presbyter.
1125 2984 1156 3017 lt
1175 2994 1261 3026 may
1287 2983 1333 3016 be
1352 2981 1592 3026 conjectured
1611 2981 1691 3014 that
1717 2981 1778 3014 the
1794 2980 1898 3014 older
1916 2992 2025 3014 name

368 3052 439 3073 was
459 3051 528 3073 one
556 3040 762 3074 connected
789 3039 872 3074 with
896 3039 1012 3082 Pirus,
1031 3039 1106 3073 and
1126 3038 1204 3073 that
1223 3038 1279 3072 for
1296 3049 1317 3071 a
1336 3038 1424 3081 long
1442 3036 1531 3071 time
1558 3037 1619 3070 the
1638 3044 1709 3070 two
1728 3047 1857 3070 names
1876 3047 1971 3070 were
1990 3035 2025 3069 in

367 3109 441 3131 use.
494 3097 670 3131 (jiraldus
702 3096 944 3132 Cambrensis
983 3096 1137 3131 informs
1173 3108 1227 3138 us,
1256 3095 1291 3130 in
1321 3094 1535 3137 describing
1568 3094 1786 3136 Pembroke,
1816 3093 1872 3127 his
1903 3093 2026 3128 native

368 3156 482 3197 place,
504 3156 582 3189 that
607 3163 670 3190 not
696 3155 750 3190 far
775 3156 831 3190 off
846 3167 919 3190 was
949 3166 970 3189 a
989 3156 1213 3190 “castellum
1240 3154 1361 3188 called
1384 3154 1582 3198 lllaymznr
1604 3153 1685 3194 Pir,
1713 3152 1792 3186 that
1821 3151 1861 3191 is,
1882 3153 2027 3185 mansio

369 3214 502 3251 l'z‘rm';
529 3213 602 3246 and
634 3223 670 3247 to
696 3213 772 3247 him
799 3213 986 3257 belonged
1013 3214 1074 3248 the
1094 3212 1214 3247 island
1233 3212 1274 3246 of
1295 3210 1436 3253 Caldei‚
1455 3210 1574 3245 which
1603 3210 1663 3244 the
1681 3210 1811 3244 W'elsh
1830 3209 1899 3243 call
1927 3210 2026 3243 linis
