2214 3556
423 266 447 309 3
459 254 517 310 56
1091 251 1206 299 Vita
1236 251 1428 300 Gz‘ldae.

421 387 650 436 mandans,
673 393 890 440 quatenus
913 388 950 428 ei
974 389 1098 429 daret
1123 389 1162 428 in
1188 389 1439 441 coniugium
1466 387 1599 428 filiam
1624 402 1760 429 suam.
1825 389 1956 443 Quod
1981 404 2078 430 curn

420 455 632 495 WVerocus
655 456 975 497 Venetensium
999 471 1147 497 comes
1171 457 1378 505 audisset,
1400 457 1551 498 statim
1575 457 1630 497 ad
1650 458 1970 499 internuntium
1990 459 2082 499 eius

418 524 566 564 retulit
589 524 764 566 dicens:
802 525 1015 576 Quomodo
1037 533 1215 578 possum
1237 527 1342 566 dare
1360 527 1510 579 filiam
1535 541 1672 567 meam
1703 541 1897 567 mucrone
1919 528 2088 568 domini

416 592 553 632 vestri
589 594 772 645 nefando
823 594 1160 648 inteificienchzm
1184 595 1210 635 P
1257 608 1359 634 num
1401 595 1512 647 quid
1558 609 1639 634 non
1680 595 1838 635 audivi
1882 602 2082 647 stragem,

415 676 545 714 quam
566 662 678 713 fecit
707 662 756 702 de
789 662 1049 707 mulieribus,
1072 677 1179 715 quae
1209 662 1294 702 sibi
1308 664 1497 714 filerunt
1526 663 1782 715 copulatae?
1813 677 2082 716 nequaquam
2123 682 2139 711 5

415 729 466 769 id
485 730 688 781 faciam:
708 731 814 783 filia
845 731 958 770 enim
988 745 1081 771 mea
1113 737 1288 770 mortem
1322 744 1403 770 non
1436 730 1635 780 incurret,
1658 732 1763 771 dum
1786 731 1839 772 ab
1867 747 1916 772 ea
1935 739 2084 785 potero

414 811 507 837 eam
529 798 771 849 propellere.

504 866 708 918 Regressi
732 867 879 920 itaque
902 867 1042 907 nuntii
1066 866 1120 906 ad
1137 867 1410 919 praedictum
1436 867 1684 909 maleficum
1705 869 1945 910 retulerunt
1967 884 2080 923 quae
2103 886 2126 916 2
2142 886 2157 916 1

414 935 476 974 eis
518 935 730 975 W'erocus
772 936 957 975 dixerat.
1025 935 1104 976 Ille
1146 942 1293 976 autem
1337 950 1424 976 non
1467 937 1685 977 desistens
1729 938 1784 978 ab
1827 938 1909 978 hoc
1962 941 2079 992 quod

415 1004 636 1056 inceperat
684 1005 840 1044 iterum
884 1011 1016 1056 atque
1060 1005 1217 1045 iterum
1261 1005 1450 1045 Vv'eroeo
1499 1007 1682 1047 mandat
1725 1007 1901 1048 dicens:
1949 1008 2080 1059 Quos·
2102 1025 2138 1044 10

412 1087 587 1125 emtique
617 1073 801 1112 volueris
831 1072 992 1113 obsides
1022 1074 1093 1113 vel
1106 1074 1386 1127 fideiussores
1416 1074 1498 1115 tibi
1525 1075 1642 1124 dabo,
1672 1082 1842 1116 tantum
1861 1078 1944 1128 fizc
1971 1078 2087 1130 quod

403 1148 536 1193 posco.
614 1141 693 1182 Cui
730 1141 971 1181 Werocus:
1029 1144 1146 1181 Vana
1178 1148 1240 1182 est
1269 1142 1423 1194 petitio
1456 1149 1532 1183 tua
1572 1150 1612 1183 et
1639 1144 1820 1195 frustra
1851 1145 2081 1196 'rogitando

411 1209 591 1249 laboras.
673 1209 783 1249 Nisi
828 1210 941 1250 enim
993 1210 1161 1250 beatum
1213 1210 1358 1251 virum
1406 1211 1581 1252 Gildam
1634 1212 1747 1252 nulii
1781 1213 2080 1266 fideiussorem

410 1278 587 1326 dederis,
630 1279 808 1318 minime
848 1279 963 1331 quod
1008 1279 1181 1332 quaeris
1221 1279 1479 1332 impetrabis,
1517 1281 1620 1333 quia
1663 1281 1754 1321 nisi
1781 1289 1864 1334 per
1902 1297 2079 1323 manum

411 1347 547 1399 ipsius
577 1362 669 1387 eam
703 1347 817 1387 nulli
845 1347 1030 1388 tradam.
1094 1348 1158 1389 At
1192 1348 1263 1388 ille
1297 1363 1404 1388 mox
1437 1350 1614 1389 nuntios
1651 1350 1769 1391 misit
1807 1351 1861 1390 ad
1900 1351 2077 1392 beatum
2102 1364 2137 1394 15

413 1417 589 1457 Gildam
614 1418 843 1469 postulans
866 1417 922 1456 ab
944 1431 1008 1465 eO,
1032 1424 1079 1458 ut
1101 1418 1364 1470 quantocius
1398 1419 1566 1459 veniret
1588 1425 1632 1459 et
1667 1419 1857 1472 puellam
1884 1419 1970 1461 fide
2002 1435 2081 1462 sua

411 1487 466 1525 de
489 1499 621 1526 manu
647 1486 781 1538 patris
805 1487 1018 1539 reciperet
1041 1493 1084 1526 et
1106 1486 1188 1526 sibi
1213 1488 1446 1539 coniugem
1482 1488 1681 1540 legitimo
1714 1490 1908 1529 traderet
1932 1491 2079 1530 matri-

413 1554 572 1594 monio.
635 1553 826 1595 Sanctus
850 1554 999 1606 itaque
1023 1555 1086 1594 vir
1108 1568 1259 1594 eorum
1285 1556 1417 1595 verba
1440 1569 1625 1596 renuens
1649 1558 1877 1609 respondit
1899 1559 2050 1598 dicens
2072 1575 2079 1599 :

411 1623 575 1672 Nostis,
606 1623 709 1675 quia
740 1622 940 1662 dominus
976 1629 1115 1663 vester
1148 1624 1457 1664 callidissimus
1489 1631 1551 1664 est
1584 1632 1622 1664 et
1653 1626 1879 1676 tyrannica
1898 1627 2081 1677 feritate

401 1700 632 1745 perversus
646 1707 660 1732 .·
711 1692 754 1732 si
789 1706 1026 1732 consensero
1071 1692 1114 1732 ei
1151 1699 1191 1733 et
1231 1708 1296 1733 me
1333 1694 1635 1746 fideiussorem
1677 1695 1873 1746 posuerit
1911 1702 1952 1735 et
1981 1702 2082 1748 post
2098 1718 2137 1737 20

402 1761 594 1813 puellam
645 1759 850 1809 occiderit,
895 1761 1034 1812 gravi
1080 1760 1226 1812 lapsus
1264 1775 1360 1800 sum
1401 1768 1569 1814 peccato
1609 1763 1729 1814 apud
1769 1763 1989 1804 dominum
2041 1770 2082 1804 et

401 1835 604 1882 parentes
639 1829 731 1868 eius
766 1829 1005 1869 vehementi
1041 1829 1255 1870 orbatione
1285 1830 1424 1882 prolis
1464 1831 1618 1871 seduxi
1655 1838 1781 1884 atque
1821 1832 2085 1874 intolerabili

412 1899 551 1938 dolore
591 1897 762 1937 tradidi
808 1897 1172 1950 congemiscendos
1257 1898 1292 1939 S
1295 1898 1351 1938 ed
1385 1905 1528 1939 tamen
1577 1900 1787 1940 vobiscum
1829 1902 2084 1955 proficiscar

412 1974 452 2007 et
491 1973 768 2019 utrorumque
803 1966 1042 2006 voluntates
1075 1967 1317 2016 discutiam,
1344 1974 1578 2020 parentum
1611 1969 1766 2009 scilicet
1796 1976 1837 2009 et
1869 1970 1970 2020 eius,
2006 1971 2083 2023 qni

413 2051 485 2076 vos
525 2036 587 2076 ad
623 2050 687 2075 me
727 2035 893 2075 direxit.
977 2036 1102 2075 Tunc
1139 2037 1319 2076 veniens
1355 2037 1483 2076 simul
1519 2051 1618 2077 curn
1661 2038 1722 2078 eis
1760 2039 1919 2091 reperit
1961 2041 2079 2092 ipsos
2099 2057 2135 2086 25

413 2105 630 2158 principes
653 2104 710 2144 ob
743 2104 995 2144 huiusmodi
1019 2119 1198 2145 causam
1224 2106 1265 2145 in
1290 2120 1426 2146 unum
1460 2107 1727 2147 convenisse.
1793 2108 1851 2148 Et
1884 2108 1989 2148 dum
2023 2109 2079 2150 de

411 2173 492 2213 hac
515 2187 559 2214 re
581 2173 863 2226 loquerentur
886 2174 998 2213 inter
1021 2188 1078 2223 se,
1094 2175 1153 2214 ait
1176 2181 1301 2227 pater
1319 2175 1491 2228 puellae
1506 2176 1636 2216 beato
1661 2176 1818 2217 Gildae
1838 2193 1845 2217 :
1873 2177 1930 2218 Si
1947 2193 2079 2218 manu

411 2248 487 2282 tua
518 2241 746 2294 susceperis
769 2242 920 2295 filiam
955 2257 1104 2292 meam,
1139 2243 1220 2283 tibi
1252 2244 1432 2294 credam,
1467 2245 1548 2284 tibi
1580 2259 1672 2285 eam
1708 2246 1891 2286 tradam.
1958 2247 2086 2297 Quod

409 2311 451 2351 si
490 2312 610 2351 illam
653 2311 858 2363 suscipere
899 2311 1095 2361 nolueris,
1136 2312 1206 2352 llic
1244 2327 1480 2366 numquam
1521 2313 1697 2354 habebit.
1794 2315 1875 2356 Cui
1924 2316 2078 2356 beatus

413 2379 566 2420 Gildas
603 2379 746 2419 dixit:
799 2379 926 2419 [Uilli
961 2394 1053 2419 eam
1096 2380 1218 2420 trade
1245 2387 1286 2420 et
1316 2395 1388 2434 ego
1421 2388 1636 2433 protectus
1670 2382 1753 2422 Dei
1790 2383 1951 2424 virtute
1986 2398 2078 2424 eam
2098 2404 2137 2432 30

410 2463 564 2489 sanam
607 2448 843 2488 restituam.
943 2448 1171 2490 Praefatus
1214 2450 1362 2503 itaque
1404 2457 1620 2503 tyrannus
1658 2452 1712 2492 de
1759 2466 1891 2493 manu
1938 2454 2077 2494 sancti

413 2638 509 2672 note,
528 2641 590 2664 are
609 2629 777 2674 pictured
795 2641 836 2663 as
856 2630 985 2674 basely
1004 2631 1293 2675 untrustworthy
1312 2643 1397 2666 men
1414 2632 1479 2675 (H.
1496 2633 1561 2666 Fr.
1580 2633 1620 2666 16
1637 2646 1644 2674 ;
1671 2633 1714 2667 ib.
1730 2633 1773 2667 26
1793 2645 1800 2674 ;
1828 2633 1872 2676 ἰΧ,
1892 2634 1930 2668 18
1951 2647 1958 2675 ;
1984 2647 2015 2677 x,
2029 2634 2075 2677 9).

416 2692 475 2724 He
494 2690 534 2732 is,
554 2690 734 2731 however,
751 2687 786 2721 in
806 2688 1029 2733 conformity
1042 2689 1128 2724 with
1144 2691 1240 2724 what
1260 2690 1289 2724 is
1308 2691 1449 2725 related
1467 2692 1566 2734 here,
1585 2692 1698 2725 found
1719 2691 1753 2725 in
1773 2693 1834 2726 the
1854 2692 2074 2736 neighbour-

413 2747 512 2781 hood
532 2746 572 2779 os
591 2746 744 2779 Venetus
762 2745 849 2778 urbs
866 2746 940 2779 and
960 2747 1105 2789 civitas,
1125 2758 1175 2789 or,
1196 2759 1236 2781 as
1256 2748 1317 2781 the
1337 2748 1442 2792 place
1461 2747 1490 2782 is
1510 2749 1646 2783 named
1665 2761 1758 2792 now,
1779 2750 1809 2783 V
1813 2761 1940 2792 annes,
1957 2751 2076 2785 which

415 2806 444 2839 is
464 2812 527 2839 not
546 2805 600 2838 far
619 2803 757 2837 distant
777 2803 871 2837 from
891 2804 952 2837 the
972 2803 1168 2847 peninsula
1187 2805 1308 2839 where
1328 2805 1459 2839 Gildas
1487 2806 1577 2840 built
1604 2806 1661 2840 his
1688 2815 1910 2852 monastery.
1964 2809 2075 2843 From

414 2863 491 2896 him
517 2862 591 2896 this
618 2868 700 2906 part
727 2862 768 2895 of
792 2861 961 2906 Brittany
980 2874 1053 2896 was
1081 2863 1201 2897 called
1223 2864 1492 2907 l›'ro-lVaroclz‚
1512 2876 1554 2899 or
1576 2877 1617 2899 as
1638 2877 1690 2899 ire
1718 2877 1779 2900 see
1804 2865 1839 2900 in
1859 2878 1887 2901 c.
1909 2877 1963 2910 32,
1982 2868 2075 2901 Bro-

417 2922 562 2955 Guerec.
614 2920 695 2953 The
722 2919 825 2953 older
852 2919 1020 2954 material
1048 2932 1147 2965 upon
1167 2921 1284 2955 which
1313 2922 1386 2956 this
1413 2929 1494 2967 part
1521 2923 1562 2957 of
1582 2924 1644 2958 the
1672 2924 1754 2957 Vita
1772 2936 1846 2958 was
1872 2925 2027 2968 framed,
2047 2925 2076 2959 is

415 2980 615 3024 suggested
641 2980 770 3023 hythe
796 2979 890 3013 form
919 2980 1099 3023 Werocus,
1119 2992 1159 3014 as
1187 2981 1390 3025 compared
1409 2981 1495 3015 with
1517 2981 1699 3016 Guerecus
1726 2981 1762 3016 in
1786 2994 1815 3016 c.
1833 2993 1874 3026 32
1894 2996 1901 3024 ;
1934 2983 2012 3028 just
2036 2995 2076 3018 as

423 3038 614 3072 l'medotia
629 3038 783 3071 became
804 3037 1032 3071 Gucnedotz'a
1051 3038 1104 3081 (Ξ
1116 3039 1598 3084 Gwyndawt=Gwynedd)
1617 3052 1658 3073 or
1679 3041 1822 3074 vitrum
1832 3041 1980 3086 ¹grwya'r,
1996 3049 2078 3085 etc.‚

416 3093 608 3127 sometime
628 3093 740 3126 about
760 3092 821 3125 the
849 3091 953 3126 ninth
979 3100 1144 3137 century,
1163 3106 1203 3127 as
1232 3094 1467 3139 philologists
1495 3095 1627 3129 inform
1655 3107 1707 3139 us,
1727 3108 1768 3129 so
1794 3097 1855 3130 the
1882 3096 1974 3131 sixth
2003 3098 2076 3130 and

415 3151 568 3185 seventh
596 3157 748 3192 century
767 3149 859 3182 form
888 3150 1061 3184 Werocus
1078 3151 1234 3185 became
1256 3153 1441 3186 (Juerecus
1458 3160 1494 3187 at
1514 3154 1576 3187 the
1602 3155 1694 3187 later
1721 3153 1859 3199 period.
1913 3155 1985 3188 For
2006 3155 2078 3189 this

417 3207 560 3253 portion
587 3207 628 3241 of
650 3206 706 3240 his
737 3207 846 3249 work,
875 3207 937 3241 the
968 3207 1195 3253 biographer
1220 3210 1341 3244 would
1371 3210 1466 3245 have
1496 3222 1544 3245 an
1575 3211 1675 3255 early
1701 3212 1857 3246 seventh
1881 3223 1922 3246 or
1951 3212 2077 3257 eighth
