2214 3556
383 261 407 304 3
417 247 443 291 8
454 261 475 291 2
1044 243 1161 291 Vita
1202 243 1392 291 Gz‘ldae.

381 380 589 433 Dongual
622 381 767 422 subita
804 382 959 421 eadem
997 380 1122 421 clade
1145 393 1375 433 percussus
1411 378 1569 419 cecidit
1592 384 1635 418 et
1669 384 1771 418 ante
1802 376 2032 418 ecclesiam

381 458 569 500 Sarthau
605 460 824 500 remansit.
894 458 1010 500 Socii
1046 472 1149 499 vero
1182 459 1317 511 ipsius
1349 471 1448 497 cum
1487 457 1541 496 ad
1578 462 1779 496 sanetum
1813 455 2037 495 venissent

380 539 536 588 locum,
560 546 823 592 rogaverunt
848 553 928 588 me,
951 546 998 580 ut
1027 539 1258 588 caballum,
1282 552 1369 591 quo
1392 551 1490 578 eum
1515 536 1746 584 deferrent,
1769 536 2038 575 transmitte-

379 621 615 673 rem,quod
640 628 682 661 et
708 620 798 660 feci.
863 619 1098 660 Adductus
1123 621 1270 672 itaque
1294 626 1372 668 est,
1394 618 1469 658 sed
1493 619 1595 671 quia
1611 624 1725 657 stare
1744 630 1830 656 non
1853 622 2039 669 poterat,

379 701 419 740 in
454 701 588 740 domo
631 701 855 753 hospitum
900 700 1140 740 collocatus
1182 706 1257 739 est.
1338 699 1445 739 Erat
1498 705 1646 738 autem
1690 698 1743 737 ad
1797 696 2035 737 videndum
2077 713 2094 742 5

378 781 595 820 horribilis
618 788 661 821 et
699 781 959 833 sanguinem
994 793 1188 820 vomens.
1253 780 1397 820 Nemo
1434 793 1534 819 eum
1560 791 1697 831 usque
1731 778 1772 817 in
1797 777 2036 817 crastinum

377 861 523 900 vivere
539 859 755 912 sperabat,
773 859 848 899 sed
874 859 958 899 iam
984 861 1159 912 iamque
1184 859 1290 899 mori
1315 858 1670 911 exspectabatur.
1738 857 1869 896 Hunc
1888 855 2036 896 visita—

378 946 473 980 tura
497 946 655 980 cuncta
689 940 976 992 congregatio
1010 940 1129 980 venit
1163 946 1348 992 oratque
1384 953 1462 992 pro
1499 952 1550 979 eo
1586 938 1830 978 Dominum
1866 947 1908 977 et
1939 936 2038 976 oleo

378 1026 532 1059 sancto
567 1021 781 1072 perungit.
848 1019 934 1059 Hic
958 1020 1106 1072 itaque
1137 1019 1192 1059 ab
1215 1020 1288 1059 illa
1310 1019 1417 1059 hora
1442 1018 1656 1071 paulatim
1689 1019 1743 1058 ad
1768 1031 1813 1057 se
1843 1017 1971 1056 rediit
1994 1022 2038 1055 et
2090 1018 2092 1020 ’

377 1100 488 1139 vires
527 1101 691 1152 recepit
724 1107 767 1140 et
790 1107 891 1153 post
914 1100 1086 1153 aliquos
1120 1101 1213 1140 dies
1236 1114 1293 1140 ex
1319 1101 1490 1152 integro
1527 1098 1705 1138 sanitati
1729 1104 1794 1137 est
1827 1097 2036 1148 redditus.
2061 1122 2096 1141 10

378 1179 494 1220 Socii
518 1180 610 1218 eius
643 1179 697 1219 ad
737 1180 913 1232 propria
952 1181 1184 1219 redeuntes
1222 1180 1350 1219 uxori
1383 1179 1475 1218 eius
1510 1185 1733 1218 mortuum
1769 1190 1868 1216 eum
1904 1176 2037 1216 fuisse

376 1266 418 1300 et
441 1260 557 1312 apud
593 1266 795 1299 sanctum
820 1258 997 1300 Gildam
1035 1259 1256 1312 sepultum
1295 1259 1516 1299 dixerunt.
1578 1257 1715 1297 Venit
1750 1256 1823 1296 illa
1850 1256 2037 1296 eleemo—

376 1352 509 1392 synas
527 1352 606 1391 pro
621 1339 769 1378 anima
787 1338 864 1378 viri
880 1339 944 1378 sui
962 1338 1140 1387 factura,
1158 1338 1234 1378 sed
1254 1351 1384 1388 quem
1401 1337 1605 1390 sperabat
1623 1343 1857 1386 mortuum,
1873 1337 2038 1377 invenit
2089 1357 2092 1360 ⁴

375 1432 462 1458 non
499 1419 639 1458 solum
664 1419 898 1466 viventem,
921 1433 1072 1459 verum
1107 1419 1241 1459 etiam
1277 1419 1570 1458 sanissimum.
1635 1417 1719 1467 Sic,
1747 1418 1808 1458 sic
1838 1418 2038 1470 operaris,

375 1499 494 1539 Deus
535 1506 684 1546 noster,
727 1499 772 1538 in
813 1499 972 1538 sanctis
1012 1499 1100 1539 tuis
1134 1505 1260 1552 alque
1302 1498 1523 1538 mirabilia
1564 1512 1725 1551 magna
1764 1495 1879 1538 solus
1906 1498 2035 1550 facis.
2060 1517 2094 1546 15

378 1579 630 1620 Revertitur
662 1580 809 1632 itaque
833 1580 896 1619 vir
918 1579 990 1619 ille
1012 1593 1111 1619 cum
1148 1593 1288 1619 uxore
1321 1593 1398 1619 sua
1421 1579 1619 1632 gaudens
1642 1586 1774 1633 atque
1797 1593 1940 1628 sanus,
1962 1579 2036 1632 qui

374 1665 554 1699 venerat
578 1667 772 1699 maestus
796 1666 838 1699 et
863 1658 1162 1699 moribundus.
1229 1659 1362 1699 Hunc
1386 1672 1470 1711 ego
1504 1672 1644 1712 nuper
1678 1659 1766 1698 vidi
1801 1672 1956 1699 sanum
1993 1666 2036 1699 et

374 1737 537 1788 gratias
561 1737 821 1777 referentem
855 1737 954 1776 Deo
977 1743 1019 1776 et
1043 1737 1159 1776 beati
1184 1736 1343 1777 Gildae
1365 1737 1548 1776 virtutes
1572 1736 1943 1788 magnificantem,
1960 1738 2035 1791 qui

374 1817 506 1857 etiam
532 1830 583 1856 ea
605 1817 660 1856 de
683 1831 727 1857 se
751 1818 1016 1866 recordatur,
1039 1832 1152 1871 quae
1175 1820 1484 1859 enarravimus,

463 1896 554 1936 Nec
588 1899 957 1949 praetereundum
992 1898 1168 1938 silentio
1200 1905 1277 1948 est,
1306 1912 1416 1951 quas
1448 1899 1604 1939 eodem
1639 1906 1838 1953 tempore
1870 1901 2035 1953 priores
2055 1919 2116 1962 42

374 1975 510 2014 nostri
545 1975 787 2028 qualesque
824 1975 1005 2015 humani
1040 1977 1212 2027 generis
1251 1977 1414 2016 inimici
1460 1978 1500 2016 in
1539 1977 1621 2017 hoc
1663 1991 1787 2018 sacro
1821 1980 2036 2019 coenobio

373 2051 630 2104 pertulerint
667 2052 900 2092 molestias.
966 2052 1134 2092 Videns
1168 2067 1360 2106 namque
1393 2054 1464 2094 ille
1497 2055 1702 2108 antiquus
1736 2056 1885 2105 hostis,
1916 2056 2033 2109 quod

371 2130 482 2169 servi
507 2129 589 2170 Dei
614 2129 758 2170 locum
783 2131 1004 2170 desertum
1031 2131 1221 2171 incolere
1244 2132 1493 2184 coepissent
1516 2138 1649 2185 atque
1672 2146 1717 2172 se
1739 2132 1796 2172 ab
1818 2146 1882 2182 eo,
1903 2146 2034 2186 quern

372 2207 445 2246 diu
490 2206 759 2259 possederat,
803 2208 899 2247 loco
946 2208 1018 2248 diu
1072 2209 1246 2248 deserto
1289 2209 1513 2261 expellere
1565 2209 1788 2259 deberent,
1830 2211 1884 2250 ad
1937 2225 2037 2251 suas

371 2286 575 2338 antiquas
618 2286 849 2325 revertitur
885 2292 1000 2326 artes
1038 2292 1081 2326 et
1123 2300 1235 2339 quos
1282 2287 1364 2327 Dei
1408 2287 1568 2327 virtute
1609 2288 1788 2329 videbat
1831 2289 2037 2339 munitos,
2056 2313 2092 2341 25

372 2362 714 2403 fantasmatibus
737 2370 779 2403 et
804 2364 1028 2403 nocturnis
1059 2364 1296 2404 terroribus
1330 2379 1404 2405 eos
1436 2365 1630 2418 effugare
1658 2366 1864 2407 omnibus
1894 2368 2036 2407 modis

372 2440 623 2480 conabatur.
679 2440 793 2480 Nam
819 2447 947 2481 nocte
970 2441 1162 2494 quadam
1188 2443 1292 2483 dum
1319 2443 1506 2496 pueriles
1530 2444 1732 2483 monachi
1756 2444 1811 2484 ad
1837 2458 2033 2485 mensam

372 2519 574 2558 sederent
606 2526 649 2558 et
682 2518 877 2570 psalmos
910 2518 1148 2569 firmarent,
1171 2521 1445 2561 adversarius
1473 2520 1624 2569 adfuit,
1647 2521 1847 2562 alludens
1881 2522 2033 2562 lumini

371 2591 582 2632 candelae
625 2593 828 2645 apparuit
871 2595 1208 2647 extendensque
1252 2595 1501 2648 frequenter
1550 2609 1727 2635 manum
1772 2596 1884 2636 inter
1924 2596 2034 2636 duos

371 2667 589 2719 puerulos,
612 2667 724 2707 hanc
748 2668 896 2708 denuo
919 2669 1145 2709 retrahens
1169 2677 1210 2709 et
1242 2671 1396 2710 iterum
1431 2670 1680 2710 extendens
1713 2676 1845 2722 atque
1877 2671 2032 2711 iterum
2055 2691 2092 2719 30

372 2741 598 2781 retrahens
641 2749 682 2781 et
727 2742 820 2790 hoc,
855 2743 997 2782 donec
1040 2743 1250 2784 candelae
1292 2743 1497 2784 deficeret
1540 2744 1700 2793 lumen,
1738 2745 2035 2785 indesinenter

374 2815 545 2855 faciens.
629 2815 809 2869 Species
859 2831 960 2857 vero
1004 2818 1168 2858 brachii
1212 2826 1345 2871 atque
1388 2832 1557 2867 manus
1599 2833 1711 2872 quae
1752 2820 2034 2860 solummodo

374 2889 614 2938 videbatur,
648 2897 738 2930 erat
773 2891 898 2942 nigra
930 2898 973 2932 et
1006 2892 1184 2932 horrida
1217 2893 1327 2945 pilis.
1405 2893 1530 2933 Pueri
1564 2893 1721 2933 timore
1754 2895 1951 2935 exterriti
1983 2909 2033 2935 ac

372 2964 611 3015 perturbati
645 2973 779 3005 erant.
849 2966 974 3006 Alter
1007 2981 1242 3019 puerorum
1269 2968 1521 3017 Ratfredus‚
1544 2968 1654 3008 alter
1677 2982 1778 3009 vero
1803 2969 2033 3022 Mangisus

373 3038 610 3078 vocabatur
631 3055 637 3078 :
669 3041 822 3080 tertius
846 3054 949 3080 vero
972 3041 1340 3091 adolescentulus,
1363 3043 1437 3095 qui
1461 3056 1535 3082 eos
1558 3043 1760 3092 docebat,
1785 3043 2033 3084 Rannulfus
2053 3061 2090 3088 35

371 3112 608 3152 dicebatur.
692 3114 839 3154 Senex
895 3116 1037 3166 igitur,
1079 3117 1152 3168 qui
1205 3130 1279 3156 eos
1332 3117 1546 3166 servabat,
1588 3117 1765 3157 nomine
1810 3118 2033 3168 Iovethen‚

373 3186 524 3225 videns
567 3200 678 3240 quae
722 3187 884 3228 fiebant
926 3197 967 3229 et
1021 3190 1177 3231 timore
1220 3204 1377 3245 pueros
1421 3192 1684 3246 perterritOS,
1726 3191 1903 3233 dicebat
1947 3193 2031 3232 eis:
