2214 3556
343 245 437 279 210
842 229 920 279 De
946 230 1154 279 Excidio
1180 230 1493 278 Britanniae.

340 380 531 420 namque
552 367 620 408 vel
646 367 804 420 Moyse
835 368 1076 408 secundum
1101 366 1348 408 historiam1
1371 366 1643 419 loquebatur,
1665 367 1779 406 vitae
1807 372 1848 406 et
1866 365 1999 418 pacis,

338 435 438 475 dedi
469 436 510 476 ei
539 436 745 485 timorem,
767 443 807 476 et
841 436 992 476 timuit
1026 450 1101 483 me,
1122 451 1149 476 a
1171 435 1292 488 facie
1327 434 1514 475 nominis
1546 434 1632 474 mei
1652 434 1848 486 pavebat.
1909 434 2001 474 Lex

337 504 535 544 veritatis
553 505 655 556 fuit
679 505 724 544 in
752 519 821 545 ore
855 505 947 545 eius
976 512 1016 545 et
1043 505 1254 557 iniquitas
1279 518 1359 544 non
1393 510 1454 543 est
1482 503 1656 542 inventa
1684 503 1729 542 in
1752 502 1878 542 labiis
1897 502 1998 551 eius,

337 573 382 613 in
394 581 499 626 pace
519 581 558 613 et
579 573 624 613 in
639 574 851 626 aequitate
863 574 1105 614 ambulavit
1119 587 1277 613 mecum
1294 579 1334 612 et
1347 572 1501 612 multos
1517 571 1676 612 avertit
1691 571 1743 612 ab
1761 571 1998 624 iniquitate.

337 643 476 682 Labia
497 643 609 683 enim
644 643 872 683 sacerdotis
903 642 1135 682 custodient
1163 641 1383 681 scientiam
1406 647 1446 680 et
1465 641 1595 693 legem
1628 640 1845 693 requirent
1865 654 1916 679 ex
1934 653 2002 679 ore
2039 650 2056 678 5

337 712 438 761 eins,
479 713 582 765 quia
622 712 800 764 angelus
840 711 1025 751 Domini
1061 710 1318 750 exercituum
1369 716 1440 750 est.
1503 709 1633 749 Nunc
1671 710 1776 749 item
1813 709 2001 748 mutavit

56 784 294 817 ·¹l11l‹1cl1·ii·8·
338 795 516 821 sensum
539 787 583 821 et
607 781 746 820 malos
781 782 1005 833 increpare
1037 793 1125 820 non
1158 779 1332 828 desinit,
1354 792 1437 827 vos,
1459 778 1672 830 inquiens,
1695 777 1922 817 recessistis
1951 777 2002 816 de

97 833 141 853 ω’
339 850 412 889 via
432 856 473 889 et
492 849 870 889 descandalizastis
881 849 1097 901 plurimos
1114 848 1158 888 in
1173 848 1260 899 lege
1281 853 1321 887 et
1341 846 1518 887 irritum
1527 846 1701 898 fecistis
1711 852 1888 898 pactum
1905 860 1999 886 cum

337 918 456 967 Levi,
476 918 582 958 dicit
601 918 817 957 Dominus
841 918 1108 957 exercituum.
1161 917 1345 968 Propter
1375 915 1491 968 quod
1517 922 1559 955 et
1589 929 1660 968 ego
1696 914 1797 954 dedi
1815 928 1889 954 vos
1908 928 1999 953 con-

338 986 588 1038 temptibiles
619 993 658 1026 et
693 986 876 1026 humiles
903 986 948 1026 in
985 985 1179 1026 omnibus
1205 984 1388 1037 populis,
1408 984 1519 1023 sicut
1551 998 1632 1024 non
1665 983 1870 1023 servastis
1905 982 2002 1022 vias
2021 1000 2058 1020 10

340 1068 455 1093 meas
475 1060 516 1093 et
534 1053 747 1105 accepistis
754 1053 917 1105 faciem
941 1053 986 1092 in
1008 1053 1104 1106 lege.
1165 1051 1404 1104 Numquid
1419 1066 1500 1091 non
1527 1058 1659 1103 pater
1677 1066 1790 1091 unus
1810 1051 2001 1091 omnium

339 1123 567 1162 nostrum?
597 1122 833 1174 Numquid
849 1136 930 1161 non
953 1122 1073 1161 Deus
1094 1135 1206 1161 unus
1225 1120 1386 1161 creavit
1406 1121 1513 1160 nos?
1549 1119 1693 1169 Quare
1712 1134 1808 1172 ergo
1830 1120 2004 1172 despicit

55 1197 196 1224 Mdlacll-
223 1196 264 1229 iii,
338 1192 626 1244 unusquisque
634 1192 827 1243 fratrem
849 1206 975 1231 suum
995 1192 1021 1231 Ρ
1064 1191 1123 1230 Et
1146 1191 1302 1231 iterum
1323 1206 1338 1230 .·
1370 1189 1473 1229 Ecce
1495 1189 1633 1229 veniet
1653 1189 1869 1229 Dominus
1889 1203 2001 1229 exer-

98 1245 155 1272 1’3'
338 1259 498 1299 citnum
521 1265 562 1299 et
580 1259 677 1312 quis
687 1259 850 1311 poterit
877 1259 1060 1312 cogitare
1090 1258 1201 1298 diem
1224 1257 1434 1297 adventus
1455 1257 1546 1297 eius
1563 1259 1588 1297 ,Ρ
1620 1263 1659 1296 et
1679 1257 1776 1309 quis
1795 1256 1927 1296 stabit
1946 1256 2010 1295 ad

341 1327 573 1367 videndum
595 1342 690 1367 eum
706 1328 732 1367 ‚9
782 1327 878 1379 Ipse
908 1327 1020 1367 enim
1052 1326 1308 1380 egredietur2
1329 1326 1457 1379 quasi
1483 1326 1598 1379 ignis
1626 1326 1782 1365 ardens
1813 1331 1853 1365 et
1879 1323 2006 1378 quasi
2023 1337 2060 1367 15

330 1404 417 1449 poa
437 1396 693 1446 lavantium,
714 1402 756 1436 et
772 1396 930 1436 sedebit
947 1396 1136 1450 conflans
1165 1402 1206 1435 et
1224 1395 1463 1436 emundans
1483 1401 1722 1447 argentum,
1743 1401 1783 1434 et
1793 1393 2006 1447 purgabit

329 1466 451 1518 filios
471 1465 589 1513 Levi,
611 1472 651 1504 et
681 1464 835 1504 colabit
867 1479 932 1505 eos
965 1465 1093 1518 quasi
1122 1479 1280 1504 aurum
1303 1471 1343 1504 et
1369 1465 1500 1517 quasi
1520 1470 1759 1517 argentum.
1822 1464 1880 1503 Et
1903 1469 2003 1516 post

56 1541 196 1593 «ll1t{‹1cl²·
213 1540 252 1573 iii,
274 1549 321 1577 13-
341 1549 481 1588 pauca
499 1551 506 1575 :
538 1534 827 1574 Invaluerunt
845 1541 973 1586 super
992 1548 1057 1573 me
1078 1534 1205 1574 verba
1226 1540 1379 1580 vestra,
1393 1533 1498 1572 dicit
1514 1533 1739 1582 Dominus,
1753 1538 1794 1572 et
1808 1532 2004 1573 dixistis:

98 1590 142 1617 ΙΨ
340 1618 480 1643 vanus
514 1610 576 1643 est
604 1603 682 1656 qui
712 1603 847 1643 servit
866 1603 966 1652 Deo,
988 1609 1028 1642 et
1059 1602 1176 1655 quod
1201 1603 1539 1651 emolumentum,
1561 1602 1664 1654 quia
1699 1601 2005 1641 custodivimus

333 1679 557 1725 praecepta
597 1672 687 1712 eius
726 1679 767 1712 et
807 1672 910 1724 quia
959 1671 1278 1712 ambulavimus
1327 1686 1467 1711 coram
1508 1671 1695 1710 Domino
1747 1670 2003 1710 exercituum
2023 1680 2061 1700 20

342 1741 486 1781 tristes
502 1742 524 1781 J?
581 1741 699 1793 Ergo
736 1755 848 1780 nunc
878 1741 1015 1780 beatos
1050 1740 1235 1780 dicemus
1255 1746 1516 1792 arrogantes,
1540 1739 1582 1778 si
1600 1738 1769 1791 quidem
1791 1738 2009 1792 aedificati

340 1817 444 1850 sunt
453 1810 665 1862 facientes
686 1809 969 1862 iniquitatem,
991 1815 1305 1861 temptaverunt
1326 1809 1466 1848 Deum
1488 1814 1528 1848 et
1547 1808 1663 1847 salvi
1667 1807 1789 1860 facti
1805 1814 1916 1847 sunt.

428 1878 547 1931 Quid
571 1892 673 1918 vero
705 1878 909 1918 Ezechiel
931 1879 1149 1930 propheta
1171 1877 1366 1926 dixerit,3
1387 1877 1604 1917 attendite
1628 1892 1635 1916 :
1683 1876 1772 1925 Vae,
1797 1876 2005 1928 inquiens,
2025 1883 2090 1926 90

62 1957 168 1984 Exco.
189 1957 238 1989 vii,
254 1958 301 1986 26.
340 1954 467 1999 super
500 1961 577 1986 vae
610 1946 749 1986 veniet
767 1953 806 1986 et
828 1946 1006 1986 nuntius
1025 1953 1154 1998 super
1173 1945 1375 1985 nuntium
1401 1945 1484 1985 erit
1515 1951 1557 1984 et
1583 1951 1812 1997 quaeretur
1843 1944 1951 1984 visio
1979 1959 2006 1984 a

332 2015 541 2068 propbeta
576 2022 617 2055 et
647 2016 715 2055 lest:
735 2015 898 2067 peribit
931 2030 958 2054 a
993 2014 1203 2054 sacerdote
1234 2021 1274 2054 et
1305 2014 1527 2054 consilium
1563 2013 1612 2053 de
1638 2013 1882 2054 senioribus.
1947 2014 2006 2053 Et
2026 2023 2064 2052 25

60 2088 90 2115 E
96 2088 168 2138 {fh'
190 2087 249 2120 xiii,
342 2085 499 2124 iterum
520 2100 528 2124 :
559 2084 681 2123 Haec
699 2083 802 2123 dicit
824 2084 1061 2124 Dominus:
1092 2097 1136 2123 eo
1157 2083 1274 2135 quod
1283 2097 1493 2123 sermones
1514 2082 1650 2122 vestri
1666 2089 1769 2122 sunt
1790 2083 2008 2123 mendaces

99 2136 179 2155 ⁰⁴⁰⁴
341 2159 382 2192 et
419 2153 705 2192 divinationes
745 2158 911 2191 vestrae
951 2165 1099 2199 vanae,
1130 2158 1308 2203 propter
1347 2151 1420 2190 lioc
1458 2164 1539 2190 ecce
1579 2165 1650 2203 ego
1691 2150 1753 2189 ad
1789 2165 1872 2199 vos,
1905 2150 2009 2190 dicit

412 2291 424 2312 ¹
450 2291 661 2325 Secundum
690 2290 899 2323 historiam.
988 2290 1099 2323 From
1127 2289 1285 2334 -Origen
1328 2291 1389 2324 the
1424 2297 1580 2324 western
1623 2290 1773 2333 church,
1808 2291 2010 2335 especially

344 2350 504 2393 through
526 2349 588 2382 the
615 2347 779 2392 writings
804 2348 845 2381 of
865 2349 1014 2392 Jerome
1044 2348 1118 2382 and
1142 2348 1362 2391 Augustine,
1387 2348 1462 2381 had
1490 2359 1595 2381 come
1624 2355 1661 2382 to
1685 2348 1878 2393 recognise
1905 2349 2010 2382 three

345 2419 472 2441 senses
499 2406 535 2440 in
562 2407 625 2440 the
651 2406 771 2440 words
800 2405 841 2439 of
861 2405 1075 2450 Scripture:
1105 2407 1167 2440 the
1197 2406 1327 2448 literal,
1347 2407 1409 2440 the
1434 2405 1634 2449 historical,
1653 2407 1727 2440 and
1746 2407 1808 2441 the
1826 2407 1943 2440 moral
1970 2418 2011 2440 or

345 2466 522 2511 spiritual.
573 2467 623 2499 At
652 2466 714 2499 the
741 2465 813 2498 end
841 2465 882 2498 of
907 2476 936 2498 c.
956 2474 1012 2508 93,
1045 2464 1175 2499 Gildas
1203 2465 1339 2509 speaks
1367 2465 1408 2498 of
1430 2465 1487 2498 his
1511 2472 1668 2509 attempt
1690 2472 1727 2499 to
1756 2466 1932 2510 interpret
1962 2466 2010 2499 all

345 2524 470 2568 things
509 2523 544 2557 in
584 2523 678 2557 their
709 2522 933 2556 “histor'rcal
962 2534 1003 2556 or
1031 2523 1147 2556 moral
1177 2535 1284 2557 sense
1297 2524 1313 2539 '²
1342 2523 1555 2567 (utcumque
1580 2523 1756 2558 historico
1785 2525 1847 2558 vel
1874 2525 2015 2558 morali

344 2582 468 2624 seusu)
489 2595 496 2622 3
522 2582 609 2615 here
636 2581 682 2614 he
709 2580 804 2613 finds
824 2581 903 2614 that
925 2580 1090 2614 Malachi
1111 2580 1140 2614 is
1159 2580 1342 2625 speaking
1368 2581 1409 2614 of
1435 2580 1521 2614 Levi
1541 2592 1583 2614 or
1603 2582 1730 2615 Moses
1750 2581 1785 2614 in
1806 2582 1867 2615 the
1886 2582 2011 2616 first—

346 2641 407 2674 the
434 2639 792 2682 historiast—sense,
811 2639 876 2672 but
902 2646 939 2672 at
966 2639 1028 2672 the
1055 2646 1141 2673 next
1167 2638 1361 2684 quotation
1389 2639 1436 2673 he
1464 2646 1676 2683 represents
1702 2639 1778 2672 him
1805 2651 1846 2673 as
1872 2639 2011 2684 having

347 2698 518 2742 changed
537 2698 615 2732 into
633 2698 695 2732 the
715 2697 854 2731 second
873 2698 1056 2740 (mutavit
1069 2697 1243 2741 sensum).

417 2765 430 2786 ²
454 2767 691 2811 Egredzetur,
721 2765 866 2808 ardens,
894 2767 972 2809 poa
1002 2765 1228 2807 lavantimn,
1257 2765 1505 2809 iniquitatem,
1539 2776 1602 2798 are
1635 2764 1799 2799 variants
1828 2765 1920 2799 from
1948 2766 2010 2800 the

348 2824 520 2868 ordinary
534 2824 705 2867 Vulgate.

416 2894 429 2914 ³
458 2895 498 2927 In
520 2892 668 2926 Ezekiel
688 2904 740 2925 we
759 2892 853 2925 have
872 2891 982 2935 again
1005 2891 1079 2925 Old
1107 2890 1213 2925 Latin
1241 2891 1282 2924 of
1303 2902 1325 2925 a
1351 2891 1517 2934 marked,
1544 2891 1687 2934 rugged
1714 2897 1811 2934 type.
1862 2892 2011 2935 Jerome

348 2952 500 2985 himself
513 2962 670 2995 appears
690 2957 726 2984 to
744 2950 838 2984 have
858 2949 971 2983 found
990 2956 1095 2993 great
1107 2949 1288 2983 variation
1308 2949 1342 2983 in
1362 2949 1424 2983 the
1438 2950 1646 2993 exemplars
1665 2949 1706 2982 of
1720 2949 1869 2983 the—to
1886 2949 2012 2984 him—

348 3010 507 3053 vulgala
533 3010 611 3042 eius
639 3007 760 3050 editio,
792 3006 922 3049 which,
954 3007 1000 3040 he
1029 3018 1125 3050 says,
1157 3006 1222 3040 did
1252 3013 1316 3040 not
1350 3006 1457 3040 differ
1484 3007 1594 3040 much
1622 3007 1716 3040 from
1747 3007 1810 3041 the
1840 3008 2011 3042 Hebrew.

351 3068 420 3100 See
446 3066 503 3099 his
528 3065 722 3110 Praefatio
747 3066 787 3097 in
814 3064 1054 3106 Ezechielem,
1084 3063 1118 3097 in
1146 3063 1428 3098 Tischendorf's
1455 3063 1606 3104 edition,
1634 3075 1666 3108 p.
1694 3063 1752 3097 lxi.
1830 3065 1911 3099 The
1937 3072 2013 3100 text

350 3123 570 3167 underlying
600 3123 662 3157 the
690 3121 836 3156 version
861 3122 951 3155 used
975 3122 1024 3165 by
1049 3121 1180 3156 Gildas
1207 3133 1328 3156 seems
1352 3129 1390 3155 to
1413 3122 1460 3155 be
1484 3121 1622 3165 closely
1646 3121 1787 3156 similar
1811 3129 1849 3156 to
1871 3123 1951 3157 that
1977 3123 2018 3157 of

351 3184 412 3216 the
441 3182 567 3216 Codex
593 3182 675 3215 Vat.
706 3179 780 3223 (13.)
809 3179 956 3224 printed
985 3179 1019 3213 in
1053 3180 1202 3214 Swete's
1233 3179 1372 3214 edition
1404 3179 1554 3222 (1894);
1592 3179 1616 3214 it
1645 3187 1814 3224 presents
1844 3181 2013 3225 frequent
