2173 3556
0 434 84 462 l'iem.
105 434 174 463 xxii.

271 230 298 275 8
771 226 850 272 De
875 224 1087 272 Excidio
1112 223 1427 270 Britanniae.

269 377 424 404 aureae
453 362 625 404 decenti
659 367 764 401 nota
786 361 909 410 inuri,
932 359 1300 400 affectumsaltem
1324 358 1622 412 intellegibilis
1640 360 1788 400 asinae
1806 365 1920 400 eate-

269 448 350 474 nus
371 433 556 485 elinguis
580 445 665 472 non
691 431 878 483 refugito
900 431 1054 483 spiritu
1080 430 1163 470 Dei
1187 429 1375 479 afflatae,
1393 429 1583 471 nolentis
1605 444 1651 470 se
1672 430 1919 471 vehiculum

270 503 359 543 fore
381 503 523 543 tiarati
549 501 665 553 magi
697 500 897 540 devoturi
931 498 1145 552 populum
1172 498 1268 547 Dei,
1291 512 1404 551 quae
1427 499 1469 539 in
1493 505 1682 552 angusto
1706 499 1920 540 maceriae

266 572 491 611 vinearum
540 567 798 609 resolutum1
840 568 931 607 eius
973 566 1140 607 attrivit
1192 565 1364 619 pedem,
1405 566 1463 606 ob
1513 567 1556 607 id
1600 567 1700 608 licet
1741 567 1920 607 verbera

265 641 480 681 hostiliter
530 638 724 687 senserit,
771 637 929 690 cuique
980 636 1187 689 angelum
1241 635 1476 676 caelestem
1530 650 1678 676 ensem
1731 648 1918 676 vacuum

264 710 421 761 vagina
464 708 699 748 habentem
733 712 866 758 atque
900 705 1181 754 contrarium,
1213 719 1344 758 quem
1389 705 1459 745 ille
1502 706 1636 746 cruda
1677 705 1921 746 stoliditate

263 784 463 818 caecatus
511 790 596 816 non
639 776 820 824 viderat,
863 774 1004 827 digito
1045 774 1391 827 quodammodo,
1434 788 1705 827 quamquam
1749 775 1921 827 ingrato

262 861 311 887 ac
346 845 593 894 furibundo,
629 851 672 885 et
712 843 896 883 innoxia
930 843 1023 883 eius
1066 843 1203 883 latera
1241 849 1395 883 contra
1431 844 1497 884 ius
1532 843 1685 896 fasque
1719 843 1920 884 caedenti

261 914 590 956 demonstravit.

351 984 399 1023 In
443 982 536 1022 zelo
578 982 709 1034 igitur
749 981 908 1020 domus
962 981 1144 1020 Domini
1187 994 1335 1020 sacrae
1378 980 1487 1033 legis
1528 995 1603 1021 seu
1645 981 1919 1034 cogitatuum

263 1051 514 1099 rationibus,
539 1050 604 1090 vel
639 1050 820 1090 fratrum
860 1049 1072 1101 religiosis
1109 1049 1311 1102 precibus
1346 1056 1535 1099 coactus
1567 1063 1682 1090 nunc
1720 1049 1921 1102 persolvo

262 1119 478 1160 debitum2
510 1118 648 1158 multo
680 1124 879 1170 tempore
916 1123 1046 1157 antea
1077 1123 1299 1167 exactum,
1330 1118 1415 1158 vile
1447 1119 1638 1171 quidem,
1670 1119 1746 1159 sed
1782 1118 1921 1168 fidele,

260 1194 307 1228 ut
348 1194 467 1240 puto,
501 1194 544 1227 et
585 1186 769 1226 amicale
810 1186 1057 1239 quibusque
1099 1187 1284 1239 egregiis
1318 1186 1480 1227 Christi
1512 1186 1757 1236 tironibus,3
1788 1201 1922 1240 grave

256 1270 358 1296 vero
399 1262 442 1296 et
483 1254 760 1308 importabile
797 1255 1010 1307 apostatis
1045 1255 1363 1307 insipientibus.
1427 1254 1627 1309 Quorum
1666 1257 1842 1308 priores,
1877 1257 1920 1296 ni

257 1324 392 1374 fallor,
414 1338 512 1364 cum
546 1324 734 1363 lacrimis
758 1323 879 1371 forte,
900 1337 1014 1375 quae
1035 1337 1094 1363 ex
1119 1324 1202 1364 Dei
1224 1324 1408 1365 caritate
1440 1324 1675 1377 profluunt,
1697 1325 1769 1365 alii
1803 1325 1918 1365 enim

257 1400 389 1446 atque
423 1406 521 1433 cum
557 1392 745 1441 tristitia,
783 1393 858 1432 sed
894 1405 1007 1444 quae
1042 1393 1097 1432 de
1134 1393 1438 1445 indignatione
1474 1400 1517 1433 et
1558 1394 1922 1446 pusillanimitate

257 1460 555 1514 deprehensae
578 1459 872 1500 conscientiae
895 1466 1195 1512 extorquetur,
1218 1461 1324 1501 illud
1348 1462 1582 1514 excipient.

347 1530 434 1571 Sed
458 1536 560 1570 ante
583 1529 847 1582 promissum
874 1529 971 1568 Deo
993 1529 1169 1569 volente
1192 1543 1333 1582 pauca
1355 1530 1410 1570 de
1433 1531 1530 1579 situ,
1553 1532 1608 1571 de
1631 1531 1920 1580 contumacia,

259 1596 313 1635 de
336 1595 618 1644 subiectione,
640 1595 695 1634 de
719 1594 967 1644 rebellione,
990 1595 1095 1635 item
1126 1595 1181 1635 de
1210 1595 1482 1636 subiectione
1504 1610 1553 1636 ac
1576 1597 1672 1636 diro
1695 1596 1921 1646 famulatu,

259 1665 314 1704 de
351 1663 570 1716 religione,
605 1663 659 1703 de
693 1663 1009 1715 persecutione,
1043 1663 1098 1703 de
1136 1664 1299 1704 sanctis
1335 1664 1612 1717 martyribuS,
1650 1664 1705 1705 de
1738 1665 1921 1706 diversis

258 1732 522 1781 haeresibuS,
544 1732 599 1772 de
621 1732 832 1784 tyranniS‚
855 1731 909 1771 de
932 1731 1103 1772 duabus
1127 1732 1332 1784 gentibus
1356 1734 1673 1783 vastatricibus,
1695 1734 1751 1774 de
1773 1733 1921 1773 defen-

259 1802 381 1841 sione
411 1802 604 1854 itemque
633 1801 892 1850 vastatione,
922 1801 976 1841 de
1004 1802 1199 1841 secunda
1227 1801 1395 1842 ultione
1423 1802 1641 1855 tertiaque
1663 1803 1922 1851 vastatione,

259 1871 314 1909 de
349 1869 474 1918 fame,
511 1870 566 1909 de
600 1868 797 1921 epistolis
835 1869 889 1909 ad
926 1869 1142 1922 Agitium,
1179 1870 1234 1909 de
1268 1870 1462 1920 victoria,
1496 1871 1551 1911 de
1587 1871 1833 1921 sceleribus,
1867 1872 1922 1911 de

330 2067 338 2087 ¹
366 2067 593 2100 li'csalulztm.
645 2067 726 2100 The
747 2067 820 2100 Old
842 2067 948 2101 Latin
968 2066 1114 2101 version
1134 2068 1243 2112 given
1272 2069 1319 2112 by
1340 2068 1511 2103 Sabatier
1529 2070 1637 2103 reads
1655 2073 1691 2103 el
1712 2071 1926 2114 compressit

251 2126 381 2170 pca'cm
402 2125 536 2169 simply
553 2137 560 2165 ;
587 2125 649 2158 the
662 2126 694 2158 V
699 2125 731 2158 ul
737 2132 823 2169 gate
843 2126 910 2158 has
929 2129 965 2158 et
981 2127 1138 2159 attrivit
1153 2126 1311 2160 sedentis
1318 2127 1469 2171 pede712;
1483 2127 1614 2170 which,
1629 2128 1742 2172 along
1756 2127 1841 2162 with
1861 2129 1923 2162 the

260 2183 484 2229 quotationS,
504 2189 676 2226 suggests
696 2183 774 2217 that
795 2183 926 2217 (Jildas
947 2183 981 2217 in
1010 2184 1072 2218 the
1101 2185 1330 2219 Pentateuch
1351 2185 1380 2219 is
1399 2185 1558 2219 familiar
1576 2185 1660 2220 with
1681 2186 1743 2220 the
1762 2187 1923 2230 Vulgate

260 2240 403 2274 version
420 2241 519 2284 only.
575 2241 605 2274 It
628 2239 657 2273 is
685 2240 839 2274 difficult
868 2247 905 2274 to
933 2241 1009 2274 find
1039 2253 1060 2275 a
1079 2240 1254 2285 meaning
1281 2242 1337 2275 sor
1354 2242 1585 2283 resolulum;
1611 2242 1637 2277 it
1664 2243 1772 2277 could
1791 2243 1923 2288 hardly

258 2311 365 2332 mean
385 2299 479 2332 “the
499 2298 573 2331 foot
594 2298 672 2331 that
692 2310 766 2331 was
786 2299 887 2332 loose
907 2310 948 2332 or
966 2299 1040 2333 free
1061 2300 1092 2339 ;'⁷
1117 2299 1191 2332 and
1215 2300 1226 2332 Ι
1249 2300 1343 2333 have
1370 2301 1553 2334 ventured
1573 2308 1610 2335 to
1628 2301 1714 2335 take
1740 2302 1802 2335 the
1821 2302 1922 2335 word

260 2356 294 2389 in
331 2369 352 2390 a
392 2355 569 2398 meaning
611 2356 811 2399 suggested
854 2357 903 2400 by
945 2368 975 2390 c.
1015 2367 1069 2399 21,
1102 2358 1192 2390 vino
1234 2358 1382 2392 madidi
1407 2359 1615 2403 prepebant
1652 2360 1817 2403 resoluti,
1854 2359 1920 2403 i.e.‚

257 2414 467 2456 enervated‚
487 2414 697 2457 weakened,
718 2414 923 2448 enfeebled.
977 2416 1231 2449 Columbanus
1259 2416 1379 2450 writes
1397 2429 1403 2451 :
1431 2418 1618 2451 Iuvenum
1636 2420 1791 2462 corpora
1812 2418 1921 2459 fluxa

256 2476 291 2506 el
308 2473 479 2506 resolulrz.

327 2541 340 2562 2
367 2541 497 2575 Gildas
518 2543 671 2585 regards
690 2541 747 2575 his
763 2542 863 2575 work
881 2553 922 2576 as
941 2554 962 2576 a
981 2542 1001 2558 “
1016 2542 1126 2576 (lebt”
1145 2543 1361 2577 contracted
1382 2544 1471 2587 long
1489 2555 1562 2587 ago
1582 2543 1616 2578 in
1641 2556 1784 2579 answer
1802 2553 1839 2580 to
1857 2546 1920 2581 the

260 2599 364 2643 pious
391 2599 591 2633 entreaties
619 2600 659 2633 of
680 2599 736 2632 his
764 2599 930 2633 friends:
959 2599 983 2633 it
1016 2599 1045 2633 is
1064 2601 1144 2633 also
1171 2612 1191 2634 a
1212 2599 1429 2645 “promise''
1449 2602 1558 2635 made
1587 2609 1647 2636 ten
1676 2614 1783 2646 years
1811 2604 1920 2637 back.

261 2657 358 2689 Such
379 2668 399 2690 a
419 2664 617 2691 statement
637 2658 757 2691 would
778 2664 935 2691 warrant
956 2669 998 2691 us
1020 2657 1054 2691 in
1075 2658 1279 2702 regarding
1305 2659 1367 2693 the
1394 2659 1583 2693 strictures
1611 2661 1652 2694 of
1672 2661 1734 2694 the
1761 2661 1860 2694 book
1879 2672 1919 2695 as

258 2714 475 2748 sentiments
493 2714 724 2749 entertained
744 2716 790 2759 by
810 2727 831 2749 a
851 2716 951 2758 large
979 2715 1089 2749 circle
1121 2716 1162 2749 of
1191 2716 1327 2750 British
1355 2728 1440 2751 men
1469 2717 1503 2751 in
1532 2718 1594 2751 the
1621 2717 1716 2752 sixth
1737 2726 1919 2763 century;

260 2772 321 2805 the
341 2783 537 2806 numerous
556 2773 793 2817 suggestions
819 2774 898 2807 also
917 2773 1032 2806 found
1060 2773 1093 2807 in
1121 2774 1182 2807 the
1203 2775 1302 2808 work
1328 2786 1368 2808 as
1396 2782 1432 2808 to
1460 2776 1521 2809 the
1550 2775 1651 2809 ideas
1678 2776 1764 2810 held
1791 2777 1839 2820 by
1858 2777 1919 2811 the

260 2830 378 2864 writer
398 2830 607 2875 respecting
625 2832 686 2865 the
705 2832 777 2865 due
797 2832 1052 2876 performance
1071 2832 1112 2865 of
1131 2831 1251 2866 duties
1270 2833 1318 2876 by
1337 2832 1522 2867 ministers
1541 2833 1582 2867 of
1595 2833 1657 2868 the
1676 2834 1825 2877 church,
1845 2835 1919 2868 and

259 2888 315 2921 his
335 2889 505 2922 estimato
524 2889 565 2922 of
587 2890 693 2923 those
713 2889 827 2923 found
847 2889 1022 2933 wanting,
1043 2901 1136 2924 were
1159 2889 1194 2924 in
1222 2902 1270 2924 no
1298 2902 1376 2934 way
1395 2891 1558 2935 peculiar
1584 2898 1621 2925 to
1647 2891 1804 2925 himself.
1859 2893 1919 2926 He

260 2954 469 2990 represents
504 2946 658 2991 feelings
692 2948 766 2982 and
802 2947 904 2982 ideas
935 2960 1110 2982 common
1145 2955 1182 2983 to
1217 2948 1293 2982 him
1329 2949 1403 2983 and
1438 2961 1550 2993 many
1585 2949 1626 2983 of
1662 2949 1719 2983 his
1754 2957 1917 2984 contem-

261 3003 433 3047 poraries.

329 3069 342 3090 ³
374 3071 579 3104 Tsronsbus.
631 3071 711 3105 The
746 3072 846 3105 word
880 3073 1019 3106 tirones
1053 3073 1143 3106 does
1178 3079 1242 3107 not
1278 3084 1379 3107 seem
1415 3072 1451 3107 in
1489 3073 1619 3108 Gildas
1654 3080 1691 3108 to
1718 3085 1823 3118 carry
1856 3076 1918 3110 the

262 3127 435 3171 meaning
462 3128 502 3160 of
524 3128 543 3143 “
559 3130 716 3172 young.⁷'
766 3130 926 3173 Though
954 3130 1157 3174 ordinarily
1175 3130 1356 3175 denoting
1374 3142 1396 3165 a
1415 3142 1539 3175 young
1566 3131 1714 3175 soldier,
1733 3143 1755 3166 a
1774 3132 1917 3176 recruit,

261 3196 300 3217 or
320 3184 354 3217 in
374 3196 445 3228 any
464 3185 668 3229 profession
688 3187 793 3221 “non
812 3194 933 3222 aetate
960 3188 1026 3222 sed
1052 3199 1120 3222 usu
1146 3187 1282 3222 sorensi
1310 3195 1421 3234 atque
1448 3188 1709 3224 exercitatione
1728 3188 1917 3234 tironem,⁷'

1943 1004 1979 1024 10

1941 1686 1978 1706 20
