<?xml version="1.0" encoding="UTF-8"?>
<!DOCTYPE html PUBLIC "-//W3C//DTD XHTML 1.0 Transitional//EN"
    "http://www.w3.org/TR/xhtml1/DTD/xhtml1-transitional.dtd">
<html xmlns="http://www.w3.org/1999/xhtml" xml:lang="en" lang="en">
 <head>
  <title>
</title>
<meta http-equiv="Content-Type" content="text/html;charset=utf-8" />
  <meta name='ocr-system' content='tesseract 3.04.00' />
  <meta name='ocr-capabilities' content='ocr_page ocr_carea ocr_par ocr_line ocrx_word'/>
</head>
<body>
  <div class='ocr_page' id='page_1' title='image "./gildaedeexcidiob00gilduoft_0240.png"; bbox 0 0 2214 3556; ppageno 0'>
   <div class='ocr_carea' id='block_1_1' title="bbox 95 356 341 392">
    <p class='ocr_par' dir='ltr' id='par_1_1' title="bbox 95 356 341 392">
     <span class='ocr_line' id='line_1_1' title="bbox 95 356 341 392; baseline 0 -8"><span class='ocrx_word' id='word_1_1' title='bbox 95 357 106 384; x_wconf 83' lang='lat'>1</span> <span class='ocrx_word' id='word_1_2' title='bbox 130 357 216 385; x_wconf 57' lang='lat' dir='ltr'>Thes.</span> <span class='ocrx_word' id='word_1_3' title='bbox 236 356 265 389; x_wconf 84' lang='lat' dir='ltr'>ii,</span> <span class='ocrx_word' id='word_1_4' title='bbox 283 357 341 392; x_wconf 81' lang='lat'>5-8.</span> 
     </span>
    </p>
   </div>
   <div class='ocr_carea' id='block_1_2' title="bbox 92 973 360 1012">
    <p class='ocr_par' dir='ltr' id='par_1_2' title="bbox 92 973 360 1012">
     <span class='ocr_line' id='line_1_2' title="bbox 92 973 360 1012; baseline -0.011 -1"><span class='ocrx_word' id='word_1_5' title='bbox 92 973 104 1000; x_wconf 65' lang='lat'><em>1</em></span> <span class='ocrx_word' id='word_1_6' title='bbox 130 982 216 1011; x_wconf 70' lang='lat' dir='ltr'>Thes.</span> <span class='ocrx_word' id='word_1_7' title='bbox 235 978 274 1012; x_wconf 79' lang='grc' dir='ltr'>ἰν,</span> <span class='ocrx_word' id='word_1_8' title='bbox 294 978 360 1008; x_wconf 84' lang='lat'><strong>2-8.</strong></span> 
     </span>
    </p>
   </div>
   <div class='ocr_carea' id='block_1_3' title="bbox 94 1536 309 1604">
    <p class='ocr_par' dir='ltr' id='par_1_3' title="bbox 94 1536 309 1604">
     <span class='ocr_line' id='line_1_3' title="bbox 94 1536 309 1604; baseline -0.005 -39"><span class='ocrx_word' id='word_1_9' title='bbox 94 1538 205 1604; x_wconf 53' lang='grc' dir='ltr'>βοέου,</span> <span class='ocrx_word' id='word_1_10' title='bbox 223 1536 263 1569; x_wconf 81' lang='lat' dir='ltr'>iii,</span> <span class='ocrx_word' id='word_1_11' title='bbox 282 1544 309 1573; x_wconf 82' lang='lat'>5,</span> 
     </span>
    </p>
   </div>
   <div class='ocr_carea' id='block_1_4' title="bbox 99 2011 358 2048">
    <p class='ocr_par' dir='ltr' id='par_1_4' title="bbox 99 2011 358 2048">
     <span class='ocr_line' id='line_1_4' title="bbox 99 2011 358 2048; baseline 0 -9"><span class='ocrx_word' id='word_1_12' title='bbox 99 2011 127 2039; x_wconf 87' lang='grc' dir='ltr'>ΙΙ</span> <span class='ocrx_word' id='word_1_13' title='bbox 146 2011 229 2040; x_wconf 70' lang='lat' dir='ltr'>Tim.</span> <span class='ocrx_word' id='word_1_14' title='bbox 244 2011 284 2044; x_wconf 81' lang='lat' dir='ltr'>iii,</span> <span class='ocrx_word' id='word_1_15' title='bbox 300 2019 358 2048; x_wconf 83' lang='lat'>1-5.</span> 
     </span>
    </p>
   </div>
   <div class='ocr_carea' id='block_1_5' title="bbox 95 2493 280 2531">
    <p class='ocr_par' dir='ltr' id='par_1_5' title="bbox 95 2493 280 2531">
     <span class='ocr_line' id='line_1_5' title="bbox 95 2493 280 2531; baseline 0.016 -11"><span class='ocrx_word' id='word_1_16' title='bbox 95 2493 146 2522; x_wconf 76' lang='lat' dir='ltr'>Ps.</span> <span class='ocrx_word' id='word_1_17' title='bbox 166 2502 234 2527; x_wconf 73' lang='lat' dir='ltr'>xxv,</span> <span class='ocrx_word' id='word_1_18' title='bbox 253 2502 280 2531; x_wconf 73' lang='grc' dir='ltr'>Ξ.</span> 
     </span>
    </p>
   </div>
   <div class='ocr_carea' id='block_1_6' title="bbox 383 218 1536 266">
    <p class='ocr_par' dir='ltr' id='par_1_6' title="bbox 383 218 1536 266">
     <span class='ocr_line' id='line_1_6' title="bbox 383 218 1536 266; baseline 0.002 -4"><span class='ocrx_word' id='word_1_19' title='bbox 383 219 475 263; x_wconf 83' lang='lat'>228</span> <span class='ocrx_word' id='word_1_20' title='bbox 883 218 962 264; x_wconf 87' lang='lat' dir='ltr'>De</span> <span class='ocrx_word' id='word_1_21' title='bbox 986 218 1196 266; x_wconf 75' lang='lat' dir='ltr'><em>Excidio</em></span> <span class='ocrx_word' id='word_1_22' title='bbox 1221 219 1536 266; x_wconf 75' lang='lat' dir='ltr'><em>Britanniae.</em></span> 
     </span>
    </p>
   </div>
   <div class='ocr_carea' id='block_1_7' title="bbox 370 352 2157 2468">
    <p class='ocr_par' dir='ltr' id='par_1_7' title="bbox 370 352 2153 1849">
     <span class='ocr_line' id='line_1_7' title="bbox 470 352 2153 406; baseline 0 -12"><span class='ocrx_word' id='word_1_23' title='bbox 470 352 558 394; x_wconf 86' lang='lat' dir='ltr'>Sed</span> <span class='ocrx_word' id='word_1_24' title='bbox 593 359 636 394; x_wconf 86' lang='lat' dir='ltr'>et</span> <span class='ocrx_word' id='word_1_25' title='bbox 673 355 791 406; x_wconf 89' lang='lat' dir='ltr'>quod</span> <span class='ocrx_word' id='word_1_26' title='bbox 827 354 882 394; x_wconf 84' lang='lat' dir='ltr'>ad</span> <span class='ocrx_word' id='word_1_27' title='bbox 921 353 1339 394; x_wconf 79' lang='lat' dir='ltr'>Thessalonicenses</span> <span class='ocrx_word' id='word_1_28' title='bbox 1377 354 1512 394; x_wconf 91' lang='lat' dir='ltr'>dicit:</span> <span class='ocrx_word' id='word_1_29' title='bbox 1543 353 1695 406; x_wconf 82' lang='lat' dir='ltr'>Neque</span> <span class='ocrx_word' id='word_1_30' title='bbox 1727 353 1840 393; x_wconf 88' lang='lat' dir='ltr'>enim</span> <span class='ocrx_word' id='word_1_31' title='bbox 1861 353 2040 405; x_wconf 87' lang='lat' dir='ltr'>suimus</span> <span class='ocrx_word' id='word_1_32' title='bbox 2066 362 2153 406; x_wconf 82' lang='lat'>103</span> 
     </span>
     <span class='ocr_line' id='line_1_8' title="bbox 378 421 2037 475; baseline 0.001 -15"><span class='ocrx_word' id='word_1_33' title='bbox 378 421 499 473; x_wconf 84' lang='lat' dir='ltr'>apud</span> <span class='ocrx_word' id='word_1_34' title='bbox 527 436 599 461; x_wconf 84' lang='lat' dir='ltr'>vos</span> <span class='ocrx_word' id='word_1_35' title='bbox 633 423 868 475; x_wconf 82' lang='lat' dir='ltr'>aliqnando</span> <span class='ocrx_word' id='word_1_36' title='bbox 901 423 946 463; x_wconf 88' lang='lat' dir='ltr'>in</span> <span class='ocrx_word' id='word_1_37' title='bbox 982 437 1171 463; x_wconf 88' lang='lat' dir='ltr'>sermone</span> <span class='ocrx_word' id='word_1_38' title='bbox 1204 422 1480 470; x_wconf 76' lang='lat' dir='ltr'>adulatiom&#39;s,</span> <span class='ocrx_word' id='word_1_39' title='bbox 1511 422 1623 461; x_wconf 87' lang='lat' dir='ltr'>sicut</span> <span class='ocrx_word' id='word_1_40' title='bbox 1657 421 1786 469; x_wconf 88' lang='lat' dir='ltr'>scitis,</span> <span class='ocrx_word' id='word_1_41' title='bbox 1823 436 1953 475; x_wconf 88' lang='lat' dir='ltr'>neque</span> <span class='ocrx_word' id='word_1_42' title='bbox 1993 422 2037 462; x_wconf 90' lang='lat' dir='ltr'>in</span> 
     </span>
     <span class='ocr_line' id='line_1_9' title="bbox 377 489 2040 543; baseline 0.001 -15"><span class='ocrx_word' id='word_1_43' title='bbox 377 489 586 529; x_wconf 78' lang='lat' dir='ltr'>occasione</span> <span class='ocrx_word' id='word_1_44' title='bbox 617 491 844 539; x_wconf 79' lang='lat' dir='ltr'>avaritiae,</span> <span class='ocrx_word' id='word_1_45' title='bbox 879 505 950 530; x_wconf 87' lang='lat' dir='ltr'>nec</span> <span class='ocrx_word' id='word_1_46' title='bbox 984 497 1232 543; x_wconf 76' lang='lat' dir='ltr'>quaerentes</span> <span class='ocrx_word' id='word_1_47' title='bbox 1266 490 1319 530; x_wconf 88' lang='lat' dir='ltr'>ab</span> <span class='ocrx_word' id='word_1_48' title='bbox 1355 489 1599 529; x_wconf 77' lang='lat' dir='ltr'>bominibus</span> <span class='ocrx_word' id='word_1_49' title='bbox 1627 489 1822 542; x_wconf 81' lang='lat' dir='ltr'>gloriari</span> <span class='ocrx_word' id='word_1_50' title='bbox 1850 503 1981 542; x_wconf 92' lang='lat' dir='ltr'>neque</span> <span class='ocrx_word' id='word_1_51' title='bbox 2013 504 2040 529; x_wconf 88' lang='lat' dir='ltr'>a</span> 
     </span>
     <span class='ocr_line' id='line_1_10' title="bbox 378 557 2046 610; baseline 0.001 -15"><span class='ocrx_word' id='word_1_52' title='bbox 378 557 495 597; x_wconf 78' lang='lat' dir='ltr'>vobis</span> <span class='ocrx_word' id='word_1_53' title='bbox 531 571 661 610; x_wconf 87' lang='lat' dir='ltr'>neque</span> <span class='ocrx_word' id='word_1_54' title='bbox 696 558 748 598; x_wconf 85' lang='lat' dir='ltr'>ab</span> <span class='ocrx_word' id='word_1_55' title='bbox 790 558 903 608; x_wconf 89' lang='lat' dir='ltr'>aliis,</span> <span class='ocrx_word' id='word_1_56' title='bbox 937 573 1030 598; x_wconf 83' lang='lat' dir='ltr'>cum</span> <span class='ocrx_word' id='word_1_57' title='bbox 1061 565 1296 610; x_wconf 84' lang='lat' dir='ltr'>possumus</span> <span class='ocrx_word' id='word_1_58' title='bbox 1335 559 1456 598; x_wconf 87' lang='lat' dir='ltr'>oneri</span> <span class='ocrx_word' id='word_1_59' title='bbox 1484 557 1583 597; x_wconf 83' lang='lat' dir='ltr'>esse1</span> <span class='ocrx_word' id='word_1_60' title='bbox 1619 564 1667 597; x_wconf 88' lang='lat' dir='ltr'>ut</span> <span class='ocrx_word' id='word_1_61' title='bbox 1705 558 1834 598; x_wconf 83' lang='lat' dir='ltr'>ceteri</span> <span class='ocrx_word' id='word_1_62' title='bbox 1869 558 2046 610; x_wconf 86' lang='lat' dir='ltr'>apostoli</span> 
     </span>
     <span class='ocr_line' id='line_1_11' title="bbox 381 626 2095 679; baseline -0.001 -12"><span class='ocrx_word' id='word_1_63' title='bbox 381 626 418 667; x_wconf 85' lang='lat' dir='ltr'><em>C</em></span> <span class='ocrx_word' id='word_1_64' title='bbox 415 626 554 666; x_wconf 56' lang='lat' dir='ltr'>lerzlvtz&#39;.</span> <span class='ocrx_word' id='word_1_65' title='bbox 600 626 636 667; x_wconf 76' lang='lat' dir='ltr'><strong><em>S</em></strong></span> <span class='ocrx_word' id='word_1_66' title='bbox 638 627 692 666; x_wconf 85' lang='lat' dir='ltr'>ed</span> <span class='ocrx_word' id='word_1_67' title='bbox 695 627 818 678; x_wconf 84' lang='lat' dir='ltr'>facti</span> <span class='ocrx_word' id='word_1_68' title='bbox 828 641 979 667; x_wconf 82' lang='lat' dir='ltr'>sumus</span> <span class='ocrx_word' id='word_1_69' title='bbox 993 627 1103 667; x_wconf 88' lang='lat' dir='ltr'>sicut</span> <span class='ocrx_word' id='word_1_70' title='bbox 1108 627 1296 679; x_wconf 82' lang='lat' dir='ltr'>parvuli</span> <span class='ocrx_word' id='word_1_71' title='bbox 1310 627 1355 666; x_wconf 90' lang='lat' dir='ltr'>in</span> <span class='ocrx_word' id='word_1_72' title='bbox 1373 626 1509 666; x_wconf 89' lang='lat' dir='ltr'>medio</span> <span class='ocrx_word' id='word_1_73' title='bbox 1527 633 1715 666; x_wconf 84' lang='lat' dir='ltr'>vestrum</span> <span class='ocrx_word' id='word_1_74' title='bbox 1734 626 1803 666; x_wconf 77' lang='lat' dir='ltr'>vel</span> <span class='ocrx_word' id='word_1_75' title='bbox 1815 633 2038 679; x_wconf 88' lang='lat' dir='ltr'>tamquam</span> <span class='ocrx_word' id='word_1_76' title='bbox 2078 647 2095 676; x_wconf 83' lang='lat'><strong>5</strong></span> 
     </span>
     <span class='ocr_line' id='line_1_12' title="bbox 377 694 2041 747; baseline 0 -13"><span class='ocrx_word' id='word_1_77' title='bbox 377 694 420 734; x_wconf 88' lang='lat' dir='ltr'>si</span> <span class='ocrx_word' id='word_1_78' title='bbox 439 695 592 734; x_wconf 71' lang='lat' dir='ltr'>nutrix</span> <span class='ocrx_word' id='word_1_79' title='bbox 596 695 752 746; x_wconf 75' lang='lat' dir='ltr'>foveat</span> <span class='ocrx_word' id='word_1_80' title='bbox 761 695 973 747; x_wconf 81' lang='lat' dir='ltr'>parvulos</span> <span class='ocrx_word' id='word_1_81' title='bbox 993 709 1100 744; x_wconf 84' lang='lat' dir='ltr'>snos,</span> <span class='ocrx_word' id='word_1_82' title='bbox 1123 695 1187 735; x_wconf 86' lang='lat' dir='ltr'>ita</span> <span class='ocrx_word' id='word_1_83' title='bbox 1218 695 1507 735; x_wconf 70' lang='lat' dir='ltr'>desiderantes</span> <span class='ocrx_word' id='word_1_84' title='bbox 1537 709 1610 734; x_wconf 83' lang='lat' dir='ltr'>vos</span> <span class='ocrx_word' id='word_1_85' title='bbox 1631 694 1778 747; x_wconf 88' lang='lat' dir='ltr'>cupide</span> <span class='ocrx_word' id='word_1_86' title='bbox 1798 695 2041 735; x_wconf 82' lang='lat' dir='ltr'>volebamus</span> 
     </span>
     <span class='ocr_line' id='line_1_13' title="bbox 379 762 2039 817; baseline 0.001 -15"><span class='ocrx_word' id='word_1_87' title='bbox 379 762 496 802; x_wconf 82' lang='lat' dir='ltr'>vobis</span> <span class='ocrx_word' id='word_1_88' title='bbox 531 763 700 803; x_wconf 77' lang='lat' dir='ltr'>tradere</span> <span class='ocrx_word' id='word_1_89' title='bbox 721 778 803 803; x_wconf 89' lang='lat' dir='ltr'>non</span> <span class='ocrx_word' id='word_1_90' title='bbox 835 764 973 803; x_wconf 82' lang='lat' dir='ltr'>solnm</span> <span class='ocrx_word' id='word_1_91' title='bbox 994 764 1278 817; x_wconf 85' lang='lat' dir='ltr'>euangelium,</span> <span class='ocrx_word' id='word_1_92' title='bbox 1299 764 1376 803; x_wconf 90' lang='lat' dir='ltr'>sed</span> <span class='ocrx_word' id='word_1_93' title='bbox 1405 763 1534 803; x_wconf 88' lang='lat' dir='ltr'>etiam</span> <span class='ocrx_word' id='word_1_94' title='bbox 1556 763 1729 803; x_wconf 87' lang='lat' dir='ltr'>animas</span> <span class='ocrx_word' id='word_1_95' title='bbox 1751 770 1927 804; x_wconf 89' lang='lat' dir='ltr'>nostras.</span> <span class='ocrx_word' id='word_1_96' title='bbox 1992 763 2039 805; x_wconf 86' lang='lat' dir='ltr'>Si</span> 
     </span>
     <span class='ocr_line' id='line_1_14' title="bbox 378 831 2034 885; baseline 0.001 -14"><span class='ocrx_word' id='word_1_97' title='bbox 378 831 494 871; x_wconf 94' lang='lat' dir='ltr'>hunc</span> <span class='ocrx_word' id='word_1_98' title='bbox 531 846 609 872; x_wconf 76' lang='lat' dir='ltr'>vos</span> <span class='ocrx_word' id='word_1_99' title='bbox 651 832 839 884; x_wconf 85' lang='lat' dir='ltr'>apostoli</span> <span class='ocrx_word' id='word_1_100' title='bbox 883 833 1077 873; x_wconf 87' lang='lat' dir='ltr'>retinetis</span> <span class='ocrx_word' id='word_1_101' title='bbox 1120 833 1160 872; x_wconf 91' lang='lat' dir='ltr'>in</span> <span class='ocrx_word' id='word_1_102' title='bbox 1205 832 1410 872; x_wconf 88' lang='lat' dir='ltr'>omnibus</span> <span class='ocrx_word' id='word_1_103' title='bbox 1453 832 1674 881; x_wconf 86' lang='lat' dir='ltr'>affectum,</span> <span class='ocrx_word' id='word_1_104' title='bbox 1712 832 1804 872; x_wconf 92' lang='lat' dir='ltr'>eius</span> <span class='ocrx_word' id='word_1_105' title='bbox 1858 846 2034 885; x_wconf 88' lang='lat' dir='ltr'>quoque</span> 
     </span>
     <span class='ocr_line' id='line_1_15' title="bbox 381 900 2040 954; baseline 0.001 -14"><span class='ocrx_word' id='word_1_106' title='bbox 381 901 617 940; x_wconf 78' lang='lat' dir='ltr'>cathedrae</span> <span class='ocrx_word' id='word_1_107' title='bbox 654 900 849 952; x_wconf 80' lang='lat' dir='ltr'>legitime</span> <span class='ocrx_word' id='word_1_108' title='bbox 884 901 1072 941; x_wconf 84' lang='lat' dir='ltr'>insidere</span> <span class='ocrx_word' id='word_1_109' title='bbox 1109 902 1312 942; x_wconf 83' lang='lat' dir='ltr'>noscatis.</span> <span class='ocrx_word' id='word_1_110' title='bbox 1373 901 1456 941; x_wconf 90' lang='lat' dir='ltr'>Vel</span> <span class='ocrx_word' id='word_1_111' title='bbox 1489 902 1622 942; x_wconf 87' lang='lat' dir='ltr'>etiam</span> <span class='ocrx_word' id='word_1_112' title='bbox 1661 902 1779 954; x_wconf 86' lang='lat' dir='ltr'>quod</span> <span class='ocrx_word' id='word_1_113' title='bbox 1819 902 2040 954; x_wconf 85' lang='lat' dir='ltr'>sequitur:</span> 
     </span>
     <span class='ocr_line' id='line_1_16' title="bbox 386 969 2098 1022; baseline 0.001 -14"><span class='ocrx_word' id='word_1_114' title='bbox 386 969 529 1018; x_wconf 72' lang='lat' dir='ltr'>Scitis,</span> <span class='ocrx_word' id='word_1_115' title='bbox 553 969 706 1021; x_wconf 88' lang='lat' dir='ltr'>inquit,</span> <span class='ocrx_word' id='word_1_116' title='bbox 728 983 835 1021; x_wconf 82' lang='lat' dir='ltr'>quae</span> <span class='ocrx_word' id='word_1_117' title='bbox 856 976 1083 1022; x_wconf 85' lang='lat' dir='ltr'>praecepta</span> <span class='ocrx_word' id='word_1_118' title='bbox 1104 970 1293 1010; x_wconf 84' lang='lat' dir='ltr'>dederim</span> <span class='ocrx_word' id='word_1_119' title='bbox 1315 969 1440 1010; x_wconf 77' lang='lat' dir='ltr'>vobis.</span> <span class='ocrx_word' id='word_1_120' title='bbox 1504 970 1625 1010; x_wconf 78' lang='lat' dir='ltr'>Haec</span> <span class='ocrx_word' id='word_1_121' title='bbox 1643 976 1706 1010; x_wconf 89' lang='lat' dir='ltr'>est</span> <span class='ocrx_word' id='word_1_122' title='bbox 1725 970 1924 1010; x_wconf 82' lang='lat' dir='ltr'>voluntas</span> <span class='ocrx_word' id='word_1_123' title='bbox 1944 970 2042 1020; x_wconf 87' lang='lat' dir='ltr'>Dei,</span> <span class='ocrx_word' id='word_1_124' title='bbox 2062 987 2098 1006; x_wconf 91' lang='lat'>10</span> 
     </span>
     <span class='ocr_line' id='line_1_17' title="bbox 381 1038 2042 1092; baseline 0.001 -15"><span class='ocrx_word' id='word_1_125' title='bbox 381 1038 662 1091; x_wconf 68' lang='lat' dir='ltr'>sanctificatio</span> <span class='ocrx_word' id='word_1_126' title='bbox 683 1045 837 1088; x_wconf 82' lang='lat' dir='ltr'>vestra,</span> <span class='ocrx_word' id='word_1_127' title='bbox 855 1045 905 1078; x_wconf 88' lang='lat' dir='ltr'>ut</span> <span class='ocrx_word' id='word_1_128' title='bbox 919 1039 1172 1079; x_wconf 79' lang='lat' dir='ltr'>abstineatis</span> <span class='ocrx_word' id='word_1_129' title='bbox 1185 1053 1258 1079; x_wconf 86' lang='lat' dir='ltr'>vos</span> <span class='ocrx_word' id='word_1_130' title='bbox 1278 1053 1305 1078; x_wconf 89' lang='lat' dir='ltr'>a</span> <span class='ocrx_word' id='word_1_131' title='bbox 1315 1039 1606 1090; x_wconf 77' lang='lat' dir='ltr'>fornicatione</span> <span class='ocrx_word' id='word_1_132' title='bbox 1627 1045 1668 1078; x_wconf 88' lang='lat' dir='ltr'>et</span> <span class='ocrx_word' id='word_1_133' title='bbox 1685 1039 1796 1079; x_wconf 87' lang='lat' dir='ltr'>sciat</span> <span class='ocrx_word' id='word_1_134' title='bbox 1815 1039 2042 1092; x_wconf 91' lang='lat' dir='ltr'>unusquis-</span> 
     </span>
     <span class='ocr_line' id='line_1_18' title="bbox 380 1107 2041 1160; baseline 0 -13"><span class='ocrx_word' id='word_1_135' title='bbox 380 1121 459 1160; x_wconf 81' lang='lat' dir='ltr'>que</span> <span class='ocrx_word' id='word_1_136' title='bbox 479 1113 668 1147; x_wconf 77' lang='lat' dir='ltr'>vestrum</span> <span class='ocrx_word' id='word_1_137' title='bbox 691 1121 769 1146; x_wconf 83' lang='lat' dir='ltr'>vas</span> <span class='ocrx_word' id='word_1_138' title='bbox 800 1121 926 1147; x_wconf 88' lang='lat' dir='ltr'>suum</span> <span class='ocrx_word' id='word_1_139' title='bbox 954 1107 1172 1159; x_wconf 89' lang='lat' dir='ltr'>possidere</span> <span class='ocrx_word' id='word_1_140' title='bbox 1207 1107 1252 1147; x_wconf 91' lang='lat' dir='ltr'>in</span> <span class='ocrx_word' id='word_1_141' title='bbox 1289 1108 1443 1147; x_wconf 72' lang='lat' dir='ltr'>bonore</span> <span class='ocrx_word' id='word_1_142' title='bbox 1470 1114 1511 1147; x_wconf 88' lang='lat' dir='ltr'>et</span> <span class='ocrx_word' id='word_1_143' title='bbox 1528 1107 1870 1160; x_wconf 80' lang='lat' dir='ltr'>sanctificatione,</span> <span class='ocrx_word' id='word_1_144' title='bbox 1893 1122 1974 1147; x_wconf 91' lang='lat' dir='ltr'>non</span> <span class='ocrx_word' id='word_1_145' title='bbox 1997 1108 2041 1147; x_wconf 81' lang='lat' dir='ltr'>in</span> 
     </span>
     <span class='ocr_line' id='line_1_19' title="bbox 370 1175 2044 1228; baseline 0.001 -13"><span class='ocrx_word' id='word_1_146' title='bbox 370 1175 567 1228; x_wconf 77' lang='lat' dir='ltr'>passione</span> <span class='ocrx_word' id='word_1_147' title='bbox 596 1175 808 1224; x_wconf 84' lang='lat' dir='ltr'>desiderii,</span> <span class='ocrx_word' id='word_1_148' title='bbox 829 1176 939 1215; x_wconf 84' lang='lat' dir='ltr'>sicut</span> <span class='ocrx_word' id='word_1_149' title='bbox 958 1183 999 1216; x_wconf 89' lang='lat' dir='ltr'>et</span> <span class='ocrx_word' id='word_1_150' title='bbox 1020 1183 1168 1228; x_wconf 90' lang='lat' dir='ltr'>gentes</span> <span class='ocrx_word' id='word_1_151' title='bbox 1188 1190 1295 1228; x_wconf 84' lang='lat' dir='ltr'>quae</span> <span class='ocrx_word' id='word_1_152' title='bbox 1326 1176 1531 1228; x_wconf 70' lang='lat' dir='ltr'>ignorant</span> <span class='ocrx_word' id='word_1_153' title='bbox 1560 1177 1714 1217; x_wconf 86' lang='lat' dir='ltr'>Deum.</span> <span class='ocrx_word' id='word_1_154' title='bbox 1774 1176 1838 1216; x_wconf 83' lang='lat' dir='ltr'>Et</span> <span class='ocrx_word' id='word_1_155' title='bbox 1867 1190 1917 1215; x_wconf 87' lang='lat' dir='ltr'>ne</span> <span class='ocrx_word' id='word_1_156' title='bbox 1947 1176 2044 1228; x_wconf 87' lang='lat' dir='ltr'>qnis</span> 
     </span>
     <span class='ocr_line' id='line_1_20' title="bbox 375 1244 2041 1297; baseline 0.001 -13"><span class='ocrx_word' id='word_1_157' title='bbox 375 1244 729 1297; x_wconf 70' lang='lat' dir='ltr'>snpelgrediatur</span> <span class='ocrx_word' id='word_1_158' title='bbox 748 1259 878 1297; x_wconf 86' lang='lat' dir='ltr'>neque</span> <span class='ocrx_word' id='word_1_159' title='bbox 897 1245 1205 1285; x_wconf 82' lang='lat' dir='ltr'>circumveniat</span> <span class='ocrx_word' id='word_1_160' title='bbox 1224 1245 1269 1285; x_wconf 87' lang='lat' dir='ltr'>in</span> <span class='ocrx_word' id='word_1_161' title='bbox 1292 1245 1454 1297; x_wconf 87' lang='lat' dir='ltr'>negotio</span> <span class='ocrx_word' id='word_1_162' title='bbox 1462 1246 1656 1296; x_wconf 85' lang='lat' dir='ltr'>fratrem</span> <span class='ocrx_word' id='word_1_163' title='bbox 1678 1259 1818 1295; x_wconf 77' lang='lat' dir='ltr'>snum,</span> <span class='ocrx_word' id='word_1_164' title='bbox 1840 1246 2041 1297; x_wconf 85' lang='lat' dir='ltr'>qnoniam</span> 
     </span>
     <span class='ocr_line' id='line_1_21' title="bbox 377 1314 2097 1359; baseline 0.001 -6"><span class='ocrx_word' id='word_1_165' title='bbox 377 1314 536 1354; x_wconf 71' lang='lat' dir='ltr'>vindex</span> <span class='ocrx_word' id='word_1_166' title='bbox 554 1321 616 1354; x_wconf 77' lang='lat' dir='ltr'>est</span> <span class='ocrx_word' id='word_1_167' title='bbox 636 1314 854 1354; x_wconf 83' lang='lat' dir='ltr'>Dominus</span> <span class='ocrx_word' id='word_1_168' title='bbox 875 1314 926 1355; x_wconf 90' lang='lat' dir='ltr'>de</span> <span class='ocrx_word' id='word_1_169' title='bbox 942 1315 1011 1355; x_wconf 77' lang='lat' dir='ltr'>llis</span> <span class='ocrx_word' id='word_1_170' title='bbox 1031 1314 1238 1356; x_wconf 88' lang='lat' dir='ltr'>omnibus.</span> <span class='ocrx_word' id='word_1_171' title='bbox 1299 1315 1400 1354; x_wconf 89' lang='lat' dir='ltr'>Non</span> <span class='ocrx_word' id='word_1_172' title='bbox 1434 1315 1547 1354; x_wconf 85' lang='lat' dir='ltr'>enim</span> <span class='ocrx_word' id='word_1_173' title='bbox 1571 1315 1739 1355; x_wconf 82' lang='lat' dir='ltr'>vocavit</span> <span class='ocrx_word' id='word_1_174' title='bbox 1758 1329 1833 1354; x_wconf 90' lang='lat' dir='ltr'>nos</span> <span class='ocrx_word' id='word_1_175' title='bbox 1853 1315 1973 1355; x_wconf 83' lang='lat' dir='ltr'>Deus</span> <span class='ocrx_word' id='word_1_176' title='bbox 1994 1315 2040 1355; x_wconf 89' lang='lat' dir='ltr'>in</span> <span class='ocrx_word' id='word_1_177' title='bbox 2061 1330 2097 1359; x_wconf 86' lang='lat'>15</span> 
     </span>
     <span class='ocr_line' id='line_1_22' title="bbox 377 1383 2041 1437; baseline 0.001 -15"><span class='ocrx_word' id='word_1_178' title='bbox 377 1383 701 1432; x_wconf 83' lang='lat' dir='ltr'>innmnditiam,</span> <span class='ocrx_word' id='word_1_179' title='bbox 721 1383 800 1423; x_wconf 83' lang='lat' dir='ltr'>sed</span> <span class='ocrx_word' id='word_1_180' title='bbox 816 1383 861 1423; x_wconf 90' lang='lat' dir='ltr'>in</span> <span class='ocrx_word' id='word_1_181' title='bbox 882 1383 1272 1437; x_wconf 68' lang='lat' dir='ltr'>sanctfficationem.</span> <span class='ocrx_word' id='word_1_182' title='bbox 1333 1383 1486 1436; x_wconf 87' lang='lat' dir='ltr'>Itaque</span> <span class='ocrx_word' id='word_1_183' title='bbox 1516 1383 1594 1436; x_wconf 84' lang='lat' dir='ltr'>qui</span> <span class='ocrx_word' id='word_1_184' title='bbox 1626 1383 1727 1423; x_wconf 73' lang='lat' dir='ltr'>baec</span> <span class='ocrx_word' id='word_1_185' title='bbox 1751 1383 1925 1435; x_wconf 86' lang='lat' dir='ltr'>spernit,</span> <span class='ocrx_word' id='word_1_186' title='bbox 1960 1398 2041 1424; x_wconf 87' lang='lat' dir='ltr'>non</span> 
     </span>
     <span class='ocr_line' id='line_1_23' title="bbox 376 1450 2037 1504; baseline 0.001 -13"><span class='ocrx_word' id='word_1_187' title='bbox 376 1451 587 1491; x_wconf 69' lang='lat' dir='ltr'>bominem</span> <span class='ocrx_word' id='word_1_188' title='bbox 624 1451 795 1503; x_wconf 89' lang='lat' dir='ltr'>spernit,</span> <span class='ocrx_word' id='word_1_189' title='bbox 830 1451 908 1492; x_wconf 90' lang='lat' dir='ltr'>sed</span> <span class='ocrx_word' id='word_1_190' title='bbox 938 1451 1091 1491; x_wconf 84' lang='lat' dir='ltr'>Deum.</span> <span class='ocrx_word' id='word_1_191' title='bbox 1167 1450 1278 1504; x_wconf 76' lang='lat' dir='ltr'>Quis</span> <span class='ocrx_word' id='word_1_192' title='bbox 1315 1452 1448 1491; x_wconf 79' lang='lat' dir='ltr'>etiam</span> <span class='ocrx_word' id='word_1_193' title='bbox 1487 1458 1681 1492; x_wconf 81' lang='lat' dir='ltr'>vestrum</span> <span class='ocrx_word' id='word_1_194' title='bbox 1720 1452 2037 1504; x_wconf 83' lang='lat' dir='ltr'>circumspecte</span> 
     </span>
     <span class='ocr_line' id='line_1_24' title="bbox 377 1520 2038 1574; baseline 0 -14"><span class='ocrx_word' id='word_1_195' title='bbox 377 1527 592 1573; x_wconf 77' lang='lat' dir='ltr'>cauteque</span> <span class='ocrx_word' id='word_1_196' title='bbox 630 1521 867 1560; x_wconf 86' lang='lat' dir='ltr'>custodivit</span> <span class='ocrx_word' id='word_1_197' title='bbox 901 1521 942 1560; x_wconf 90' lang='lat' dir='ltr'>id</span> <span class='ocrx_word' id='word_1_198' title='bbox 979 1521 1097 1573; x_wconf 90' lang='lat' dir='ltr'>quod</span> <span class='ocrx_word' id='word_1_199' title='bbox 1140 1521 1360 1573; x_wconf 85' lang='lat' dir='ltr'>sequitur:</span> <span class='ocrx_word' id='word_1_200' title='bbox 1405 1520 1670 1574; x_wconf 86' lang='lat' dir='ltr'>Mortificate</span> <span class='ocrx_word' id='word_1_201' title='bbox 1709 1535 1806 1573; x_wconf 88' lang='lat' dir='ltr'>ergo</span> <span class='ocrx_word' id='word_1_202' title='bbox 1849 1521 2038 1561; x_wconf 89' lang='lat' dir='ltr'>membra</span> 
     </span>
     <span class='ocr_line' id='line_1_25' title="bbox 377 1589 2040 1642; baseline 0 -13"><span class='ocrx_word' id='word_1_203' title='bbox 377 1596 530 1639; x_wconf 84' lang='lat' dir='ltr'>vestra,</span> <span class='ocrx_word' id='word_1_204' title='bbox 544 1604 652 1642; x_wconf 83' lang='lat' dir='ltr'>quae</span> <span class='ocrx_word' id='word_1_205' title='bbox 666 1596 770 1629; x_wconf 85' lang='lat' dir='ltr'>sunt</span> <span class='ocrx_word' id='word_1_206' title='bbox 783 1596 912 1641; x_wconf 76' lang='lat' dir='ltr'>super</span> <span class='ocrx_word' id='word_1_207' title='bbox 930 1596 1103 1639; x_wconf 87' lang='lat' dir='ltr'>terram,</span> <span class='ocrx_word' id='word_1_208' title='bbox 1112 1589 1447 1641; x_wconf 80' lang='lat' dir='ltr'>fornicationem</span> <span class='ocrx_word' id='word_1_209' title='bbox 1470 1589 1796 1629; x_wconf 81' lang='lat' dir='ltr'>immunditiam</span> <span class='ocrx_word' id='word_1_210' title='bbox 1818 1589 2040 1630; x_wconf 82' lang='lat' dir='ltr'>libidinem</span> 
     </span>
     <span class='ocr_line' id='line_1_26' title="bbox 379 1658 2099 1711; baseline 0 -13"><span class='ocrx_word' id='word_1_211' title='bbox 379 1666 419 1699; x_wconf 84' lang='lat' dir='ltr'>et</span> <span class='ocrx_word' id='word_1_212' title='bbox 456 1659 831 1711; x_wconf 72' lang='lat' dir='ltr'>concupiscentiam</span> <span class='ocrx_word' id='word_1_213' title='bbox 874 1659 1062 1698; x_wconf 88' lang='lat' dir='ltr'>malam:</span> <span class='ocrx_word' id='word_1_214' title='bbox 1105 1665 1283 1710; x_wconf 89' lang='lat' dir='ltr'>propter</span> <span class='ocrx_word' id='word_1_215' title='bbox 1313 1673 1420 1711; x_wconf 91' lang='lat' dir='ltr'>quae</span> <span class='ocrx_word' id='word_1_216' title='bbox 1456 1658 1574 1698; x_wconf 83' lang='lat' dir='ltr'>venit</span> <span class='ocrx_word' id='word_1_217' title='bbox 1613 1659 1684 1698; x_wconf 86' lang='lat' dir='ltr'>ira</span> <span class='ocrx_word' id='word_1_218' title='bbox 1717 1658 1807 1698; x_wconf 84' lang='lat' dir='ltr'>Dei</span> <span class='ocrx_word' id='word_1_219' title='bbox 1844 1658 1889 1698; x_wconf 90' lang='lat' dir='ltr'>in</span> <span class='ocrx_word' id='word_1_220' title='bbox 1917 1658 2042 1711; x_wconf 87' lang='lat' dir='ltr'>filios</span> <span class='ocrx_word' id='word_1_221' title='bbox 2060 1671 2099 1690; x_wconf 92' lang='lat'>20</span> 
     </span>
     <span class='ocr_line' id='line_1_27' title="bbox 379 1727 2040 1782; baseline -0.001 -14"><span class='ocrx_word' id='word_1_222' title='bbox 379 1728 651 1782; x_wconf 87' lang='lat' dir='ltr'>diffidentiae.</span> <span class='ocrx_word' id='word_1_223' title='bbox 714 1728 890 1768; x_wconf 90' lang='lat' dir='ltr'>Videtis</span> <span class='ocrx_word' id='word_1_224' title='bbox 924 1728 1040 1767; x_wconf 90' lang='lat' dir='ltr'>enim</span> <span class='ocrx_word' id='word_1_225' title='bbox 1065 1742 1144 1780; x_wconf 89' lang='lat' dir='ltr'>pro</span> <span class='ocrx_word' id='word_1_226' title='bbox 1165 1728 1325 1781; x_wconf 87' lang='lat' dir='ltr'>quibus</span> <span class='ocrx_word' id='word_1_227' title='bbox 1348 1728 1540 1780; x_wconf 85' lang='lat' dir='ltr'>peccatis</span> <span class='ocrx_word' id='word_1_228' title='bbox 1563 1728 1626 1768; x_wconf 86' lang='lat' dir='ltr'>ira</span> <span class='ocrx_word' id='word_1_229' title='bbox 1650 1727 1734 1767; x_wconf 92' lang='lat' dir='ltr'>Dei</span> <span class='ocrx_word' id='word_1_230' title='bbox 1758 1727 2040 1780; x_wconf 86' lang='lat' dir='ltr'>potissimum</span> 
     </span>
     <span class='ocr_line' id='line_1_28' title="bbox 379 1804 627 1849; baseline -0.004 -12"><span class='ocrx_word' id='word_1_231' title='bbox 379 1804 627 1849; x_wconf 81' lang='lat' dir='ltr'>consurgat.</span> 
     </span>
    </p>

    <p class='ocr_par' dir='ltr' id='par_1_8' title="bbox 373 1864 2157 2468">
     <span class='ocr_line' id='line_1_29' title="bbox 468 1864 2157 1918; baseline 0.001 -14"><span class='ocrx_word' id='word_1_232' title='bbox 468 1864 636 1905; x_wconf 80' lang='lat' dir='ltr'>Audite</span> <span class='ocrx_word' id='word_1_233' title='bbox 660 1865 820 1917; x_wconf 83' lang='lat' dir='ltr'>itaque,</span> <span class='ocrx_word' id='word_1_234' title='bbox 842 1865 947 1917; x_wconf 86' lang='lat' dir='ltr'>quid</span> <span class='ocrx_word' id='word_1_235' title='bbox 976 1864 1031 1904; x_wconf 87' lang='lat' dir='ltr'>de</span> <span class='ocrx_word' id='word_1_236' title='bbox 1052 1864 1177 1905; x_wconf 88' lang='lat' dir='ltr'>vobis</span> <span class='ocrx_word' id='word_1_237' title='bbox 1204 1865 1464 1918; x_wconf 87' lang='lat' dir='ltr'>prophetico</span> <span class='ocrx_word' id='word_1_238' title='bbox 1498 1865 1664 1917; x_wconf 85' lang='lat' dir='ltr'>Spiritu</span> <span class='ocrx_word' id='word_1_239' title='bbox 1700 1864 1890 1906; x_wconf 83' lang='lat' dir='ltr'>Sanctus</span> <span class='ocrx_word' id='word_1_240' title='bbox 1924 1865 2040 1904; x_wconf 88' lang='lat' dir='ltr'>idem</span> <span class='ocrx_word' id='word_1_241' title='bbox 2068 1873 2157 1917; x_wconf 83' lang='lat'>104</span> 
     </span>
     <span class='ocr_line' id='line_1_30' title="bbox 379 1934 2042 1987; baseline -0.001 -13"><span class='ocrx_word' id='word_1_242' title='bbox 379 1934 606 1987; x_wconf 85' lang='lat' dir='ltr'>apostolus</span> <span class='ocrx_word' id='word_1_243' title='bbox 624 1934 866 1987; x_wconf 83' lang='lat' dir='ltr'>vestrisque</span> <span class='ocrx_word' id='word_1_244' title='bbox 889 1934 1192 1973; x_wconf 86' lang='lat' dir='ltr'>consimilibus</span> <span class='ocrx_word' id='word_1_245' title='bbox 1210 1934 1492 1986; x_wconf 78' lang='lat' dir='ltr'>praedixerit,</span> <span class='ocrx_word' id='word_1_246' title='bbox 1510 1934 1565 1974; x_wconf 87' lang='lat' dir='ltr'>ad</span> <span class='ocrx_word' id='word_1_247' title='bbox 1585 1934 1871 1974; x_wconf 87' lang='lat' dir='ltr'>Timotheum</span> <span class='ocrx_word' id='word_1_248' title='bbox 1890 1940 2042 1986; x_wconf 86' lang='lat' dir='ltr'>aperte</span> 
     </span>
     <span class='ocr_line' id='line_1_31' title="bbox 380 2002 2097 2055; baseline 0 -14"><span class='ocrx_word' id='word_1_249' title='bbox 380 2003 602 2042; x_wconf 84' lang='lat' dir='ltr'>scribens:</span> <span class='ocrx_word' id='word_1_250' title='bbox 654 2002 751 2042; x_wconf 86' lang='lat' dir='ltr'>Hoc</span> <span class='ocrx_word' id='word_1_251' title='bbox 785 2002 898 2042; x_wconf 87' lang='lat' dir='ltr'>enim</span> <span class='ocrx_word' id='word_1_252' title='bbox 929 2002 1081 2049; x_wconf 84' lang='lat' dir='ltr'>scitote,</span> <span class='ocrx_word' id='word_1_253' title='bbox 1118 2003 1233 2055; x_wconf 87' lang='lat' dir='ltr'>quod</span> <span class='ocrx_word' id='word_1_254' title='bbox 1259 2003 1304 2042; x_wconf 90' lang='lat' dir='ltr'>in</span> <span class='ocrx_word' id='word_1_255' title='bbox 1341 2003 1589 2042; x_wconf 84' lang='lat' dir='ltr'>novissimis</span> <span class='ocrx_word' id='word_1_256' title='bbox 1623 2003 1770 2042; x_wconf 82' lang='lat' dir='ltr'>diebus</span> <span class='ocrx_word' id='word_1_257' title='bbox 1818 2002 2044 2042; x_wconf 77' lang='lat' dir='ltr'>instabunt</span> <span class='ocrx_word' id='word_1_258' title='bbox 2060 2022 2097 2050; x_wconf 85' lang='lat'>25</span> 
     </span>
     <span class='ocr_line' id='line_1_32' title="bbox 381 2070 2041 2123; baseline 0.001 -13"><span class='ocrx_word' id='word_1_259' title='bbox 381 2070 587 2123; x_wconf 67' lang='lat' dir='ltr'>tempora2&#39;</span> <span class='ocrx_word' id='word_1_260' title='bbox 599 2071 849 2123; x_wconf 82' lang='lat' dir='ltr'>periculosa.</span> <span class='ocrx_word' id='word_1_261' title='bbox 896 2070 938 2110; x_wconf 90' lang='lat' dir='ltr'><em>E</em></span> <span class='ocrx_word' id='word_1_262' title='bbox 941 2077 1045 2110; x_wconf 79' lang='lat' dir='ltr'>runt</span> <span class='ocrx_word' id='word_1_263' title='bbox 1059 2071 1172 2111; x_wconf 85' lang='lat' dir='ltr'>enim</span> <span class='ocrx_word' id='word_1_264' title='bbox 1190 2071 1379 2111; x_wconf 72' lang='lat' dir='ltr'>lcomines</span> <span class='ocrx_word' id='word_1_265' title='bbox 1393 2078 1524 2111; x_wconf 89' lang='lat' dir='ltr'>semet</span> <span class='ocrx_word' id='word_1_266' title='bbox 1543 2072 1653 2123; x_wconf 71' lang='lat' dir='ltr'>ipsos</span> <span class='ocrx_word' id='word_1_267' title='bbox 1666 2078 1871 2121; x_wconf 81' lang='lat' dir='ltr'>amantes,</span> <span class='ocrx_word' id='word_1_268' title='bbox 1887 2071 2041 2123; x_wconf 79' lang='lat' dir='ltr'>cupidi,</span> 
     </span>
     <span class='ocr_line' id='line_1_33' title="bbox 381 2139 2042 2192; baseline 0 -13"><span class='ocrx_word' id='word_1_269' title='bbox 381 2140 493 2189; x_wconf 82' lang='lat' dir='ltr'>elati,</span> <span class='ocrx_word' id='word_1_270' title='bbox 534 2139 714 2191; x_wconf 81' lang='lat' dir='ltr'>superbi,</span> <span class='ocrx_word' id='word_1_271' title='bbox 751 2139 996 2192; x_wconf 72' lang='lat' dir='ltr'>blasphemi,</span> <span class='ocrx_word' id='word_1_272' title='bbox 1020 2140 1278 2191; x_wconf 86' lang='lat' dir='ltr'>parentibus</span> <span class='ocrx_word' id='word_1_273' title='bbox 1310 2139 1624 2189; x_wconf 86' lang='lat' dir='ltr'>inoboedientes,</span> <span class='ocrx_word' id='word_1_274' title='bbox 1659 2139 1835 2191; x_wconf 75' lang='lat' dir='ltr'>ingrati,</span> <span class='ocrx_word' id='word_1_275' title='bbox 1871 2140 2042 2188; x_wconf 85' lang='lat' dir='ltr'>scelesti,</span> 
     </span>
     <span class='ocr_line' id='line_1_34' title="bbox 382 2208 2042 2262; baseline 0 -14"><span class='ocrx_word' id='word_1_276' title='bbox 382 2209 474 2249; x_wconf 85' lang='lat' dir='ltr'>sine</span> <span class='ocrx_word' id='word_1_277' title='bbox 512 2209 739 2262; x_wconf 80' lang='lat' dir='ltr'>affi‘etione,</span> <span class='ocrx_word' id='word_1_278' title='bbox 777 2208 1090 2258; x_wconf 85' lang='lat' dir='ltr'>incontinentes,</span> <span class='ocrx_word' id='word_1_279' title='bbox 1133 2209 1316 2259; x_wconf 87' lang='lat' dir='ltr'>inmites,</span> <span class='ocrx_word' id='word_1_280' title='bbox 1356 2209 1447 2250; x_wconf 89' lang='lat' dir='ltr'>sine</span> <span class='ocrx_word' id='word_1_281' title='bbox 1488 2209 1758 2261; x_wconf 74' lang='lat' dir='ltr'>benignitate,</span> <span class='ocrx_word' id='word_1_282' title='bbox 1790 2209 2042 2261; x_wconf 73' lang='lat' dir='ltr'>proditores,</span> 
     </span>
     <span class='ocr_line' id='line_1_35' title="bbox 373 2277 2044 2331; baseline 0.001 -14"><span class='ocrx_word' id='word_1_283' title='bbox 373 2277 578 2330; x_wconf 82' lang='lat' dir='ltr'>protervi,</span> <span class='ocrx_word' id='word_1_284' title='bbox 613 2277 783 2326; x_wconf 77' lang='lat' dir='ltr'>tmnidi,</span> <span class='ocrx_word' id='word_1_285' title='bbox 820 2278 1089 2330; x_wconf 78' lang='lat' dir='ltr'>voluptatum</span> <span class='ocrx_word' id='word_1_286' title='bbox 1123 2285 1337 2318; x_wconf 83' lang='lat' dir='ltr'>amatores</span> <span class='ocrx_word' id='word_1_287' title='bbox 1369 2279 1510 2331; x_wconf 85' lang='lat' dir='ltr'>magis</span> <span class='ocrx_word' id='word_1_288' title='bbox 1550 2292 1680 2331; x_wconf 84' lang='lat' dir='ltr'>qnam</span> <span class='ocrx_word' id='word_1_289' title='bbox 1713 2278 1809 2327; x_wconf 76' lang='lat' dir='ltr'>Dei,</span> <span class='ocrx_word' id='word_1_290' title='bbox 1845 2278 2044 2318; x_wconf 77' lang='lat' dir='ltr'>babentes</span> 
     </span>
     <span class='ocr_line' id='line_1_36' title="bbox 380 2346 2098 2400; baseline 0.001 -14"><span class='ocrx_word' id='word_1_291' title='bbox 380 2348 549 2400; x_wconf 75' lang='lat' dir='ltr'>quidem</span> <span class='ocrx_word' id='word_1_292' title='bbox 582 2346 756 2399; x_wconf 88' lang='lat' dir='ltr'>speciem</span> <span class='ocrx_word' id='word_1_293' title='bbox 782 2347 975 2398; x_wconf 87' lang='lat' dir='ltr'>pietatis,</span> <span class='ocrx_word' id='word_1_294' title='bbox 1009 2347 1213 2387; x_wconf 86' lang='lat' dir='ltr'>virtutem</span> <span class='ocrx_word' id='word_1_295' title='bbox 1246 2354 1388 2387; x_wconf 86' lang='lat' dir='ltr'>autem</span> <span class='ocrx_word' id='word_1_296' title='bbox 1425 2347 1516 2387; x_wconf 87' lang='lat' dir='ltr'>eius</span> <span class='ocrx_word' id='word_1_297' title='bbox 1550 2347 1816 2400; x_wconf 68' lang='lat' dir='ltr'>abnegantes.</span> <span class='ocrx_word' id='word_1_298' title='bbox 1877 2347 1940 2387; x_wconf 83' lang='lat' dir='ltr'>Et</span> <span class='ocrx_word' id='word_1_299' title='bbox 1969 2347 2043 2387; x_wconf 74' lang='lat' dir='ltr'>llos</span> <span class='ocrx_word' id='word_1_300' title='bbox 2060 2363 2098 2391; x_wconf 85' lang='lat'>30</span> 
     </span>
     <span class='ocr_line' id='line_1_37' title="bbox 380 2415 1146 2468; baseline 0.003 -13"><span class='ocrx_word' id='word_1_301' title='bbox 380 2416 533 2465; x_wconf 78' lang='lat' dir='ltr'>devita,</span> <span class='ocrx_word' id='word_1_302' title='bbox 556 2417 668 2456; x_wconf 94' lang='lat' dir='ltr'>sicut</span> <span class='ocrx_word' id='word_1_303' title='bbox 690 2422 733 2455; x_wconf 92' lang='lat' dir='ltr'>et</span> <span class='ocrx_word' id='word_1_304' title='bbox 756 2415 973 2468; x_wconf 78' lang='lat' dir='ltr'>propheta</span> <span class='ocrx_word' id='word_1_305' title='bbox 996 2416 1102 2456; x_wconf 85' lang='lat' dir='ltr'>dicit</span> <span class='ocrx_word' id='word_1_306' title='bbox 1119 2416 1146 2457; x_wconf 82' lang='lat'>:3</span> 
     </span>
    </p>
   </div>
   <div class='ocr_carea' id='block_1_8' title="bbox 784 2489 1620 2611">
    <p class='ocr_par' dir='ltr' id='par_1_9' title="bbox 784 2489 1620 2611">
     <span class='ocr_line' id='line_1_38' title="bbox 787 2489 1620 2542; baseline 0 -12"><span class='ocrx_word' id='word_1_307' title='bbox 787 2489 925 2530; x_wconf 83' lang='lat' dir='ltr'>Odivi</span> <span class='ocrx_word' id='word_1_308' title='bbox 940 2490 1305 2542; x_wconf 75' lang='lat' dir='ltr'>congregationem</span> <span class='ocrx_word' id='word_1_309' title='bbox 1329 2490 1620 2542; x_wconf 71' lang='lat' dir='ltr'>malignorum</span> 
     </span>
     <span class='ocr_line' id='line_1_39' title="bbox 784 2558 1404 2611; baseline 0.003 -14"><span class='ocrx_word' id='word_1_310' title='bbox 784 2558 846 2598; x_wconf 86' lang='lat' dir='ltr'>Et</span> <span class='ocrx_word' id='word_1_311' title='bbox 865 2573 957 2599; x_wconf 84' lang='lat' dir='ltr'>cnm</span> <span class='ocrx_word' id='word_1_312' title='bbox 981 2559 1129 2611; x_wconf 86' lang='lat' dir='ltr'>impiis</span> <span class='ocrx_word' id='word_1_313' title='bbox 1151 2574 1231 2599; x_wconf 87' lang='lat' dir='ltr'>non</span> <span class='ocrx_word' id='word_1_314' title='bbox 1253 2560 1404 2599; x_wconf 89' lang='lat' dir='ltr'>sedebo.</span> 
     </span>
    </p>
   </div>
   <div class='ocr_carea' id='block_1_9' title="bbox 387 2634 1618 2647">
    <p class='ocr_par' dir='ltr' id='par_1_10' title="bbox 387 2634 1618 2647">
     <span class='ocr_line' id='line_1_40' title="bbox 387 2634 1618 2647; baseline 0 0"><span class='ocrx_word' id='word_1_315' title='bbox 387 2634 1618 2647; x_wconf 95' lang='lat' dir='ltr'> </span> 
     </span>
    </p>
   </div>
   <div class='ocr_carea' id='block_1_10' title="bbox 375 2671 2043 3179">
    <p class='ocr_par' dir='ltr' id='par_1_11' title="bbox 375 2671 2043 3119">
     <span class='ocr_line' id='line_1_41' title="bbox 451 2671 2041 2716; baseline -0.001 -10"><span class='ocrx_word' id='word_1_316' title='bbox 451 2671 461 2692; x_wconf 88' lang='lat'>¹</span> <span class='ocrx_word' id='word_1_317' title='bbox 492 2673 608 2706; x_wconf 78' lang='lat' dir='ltr'>Oneri</span> <span class='ocrx_word' id='word_1_318' title='bbox 621 2683 704 2706; x_wconf 76' lang='lat' dir='ltr'>esse.</span> <span class='ocrx_word' id='word_1_319' title='bbox 752 2671 833 2705; x_wconf 88' lang='lat' dir='ltr'>The</span> <span class='ocrx_word' id='word_1_320' title='bbox 849 2672 1118 2716; x_wconf 87' lang='lat' dir='ltr'>documentary</span> <span class='ocrx_word' id='word_1_321' title='bbox 1130 2671 1309 2706; x_wconf 82' lang='lat' dir='ltr'>evidence</span> <span class='ocrx_word' id='word_1_322' title='bbox 1328 2673 1415 2706; x_wconf 88' lang='lat' dir='ltr'>here</span> <span class='ocrx_word' id='word_1_323' title='bbox 1433 2671 1538 2716; x_wconf 83' lang='lat' dir='ltr'>gives</span> <span class='ocrx_word' id='word_1_324' title='bbox 1556 2673 1618 2706; x_wconf 90' lang='lat' dir='ltr'>the</span> <span class='ocrx_word' id='word_1_325' title='bbox 1637 2671 1793 2715; x_wconf 83' lang='lat' dir='ltr'>reading</span> <span class='ocrx_word' id='word_1_326' title='bbox 1809 2671 1943 2705; x_wconf 78' lang='lat' dir='ltr'>honori</span> <span class='ocrx_word' id='word_1_327' title='bbox 1957 2683 2041 2715; x_wconf 88' lang='lat' dir='ltr'>esse,</span> 
     </span>
     <span class='ocr_line' id='line_1_42' title="bbox 379 2729 2039 2773; baseline 0 -10"><span class='ocrx_word' id='word_1_328' title='bbox 379 2730 444 2763; x_wconf 85' lang='lat' dir='ltr'>but</span> <span class='ocrx_word' id='word_1_329' title='bbox 464 2730 565 2763; x_wconf 81' lang='lat' dir='ltr'>there</span> <span class='ocrx_word' id='word_1_330' title='bbox 585 2740 654 2763; x_wconf 87' lang='lat' dir='ltr'>can</span> <span class='ocrx_word' id='word_1_331' title='bbox 674 2729 804 2773; x_wconf 82' lang='lat' dir='ltr'>hardly</span> <span class='ocrx_word' id='word_1_332' title='bbox 816 2729 861 2763; x_wconf 86' lang='lat' dir='ltr'>be</span> <span class='ocrx_word' id='word_1_333' title='bbox 879 2740 952 2773; x_wconf 83' lang='lat' dir='ltr'>any</span> <span class='ocrx_word' id='word_1_334' title='bbox 971 2730 1087 2763; x_wconf 86' lang='lat' dir='ltr'>doubt</span> <span class='ocrx_word' id='word_1_335' title='bbox 1106 2730 1185 2764; x_wconf 77' lang='lat' dir='ltr'>that</span> <span class='ocrx_word' id='word_1_336' title='bbox 1205 2730 1265 2764; x_wconf 90' lang='lat' dir='ltr'>the</span> <span class='ocrx_word' id='word_1_337' title='bbox 1281 2736 1361 2764; x_wconf 86' lang='lat' dir='ltr'>true</span> <span class='ocrx_word' id='word_1_338' title='bbox 1380 2729 1535 2773; x_wconf 84' lang='lat' dir='ltr'>reading</span> <span class='ocrx_word' id='word_1_339' title='bbox 1554 2729 1583 2763; x_wconf 86' lang='lat' dir='ltr'>is</span> <span class='ocrx_word' id='word_1_340' title='bbox 1595 2730 1765 2763; x_wconf 67' lang='lat' dir='ltr'>honeri:</span> <span class='ocrx_word' id='word_1_341' title='bbox 1775 2731 1889 2763; x_wconf 84' lang='lat' dir='ltr'>oneri.</span> <span class='ocrx_word' id='word_1_342' title='bbox 1928 2730 2039 2763; x_wconf 79' lang='lat' dir='ltr'>MSS.</span> 
     </span>
     <span class='ocr_line' id='line_1_43' title="bbox 379 2786 2043 2831; baseline 0 -11"><span class='ocrx_word' id='word_1_343' title='bbox 379 2788 586 2831; x_wconf 76' lang='lat' dir='ltr'>frequently</span> <span class='ocrx_word' id='word_1_344' title='bbox 605 2798 669 2820; x_wconf 81' lang='lat' dir='ltr'>use</span> <span class='ocrx_word' id='word_1_345' title='bbox 696 2786 768 2820; x_wconf 88' lang='lat' dir='ltr'>this</span> <span class='ocrx_word' id='word_1_346' title='bbox 795 2786 985 2831; x_wconf 84' lang='lat' dir='ltr'>aspirated</span> <span class='ocrx_word' id='word_1_347' title='bbox 1007 2787 1112 2829; x_wconf 82' lang='lat' dir='ltr'>form,</span> <span class='ocrx_word' id='word_1_348' title='bbox 1131 2798 1172 2821; x_wconf 80' lang='lat' dir='ltr'>as</span> <span class='ocrx_word' id='word_1_349' title='bbox 1199 2799 1284 2831; x_wconf 81' lang='lat' dir='ltr'>may</span> <span class='ocrx_word' id='word_1_350' title='bbox 1302 2787 1349 2820; x_wconf 90' lang='lat' dir='ltr'>be</span> <span class='ocrx_word' id='word_1_351' title='bbox 1376 2798 1464 2820; x_wconf 87' lang='lat' dir='ltr'>seen</span> <span class='ocrx_word' id='word_1_352' title='bbox 1492 2786 1527 2820; x_wconf 91' lang='lat' dir='ltr'>in</span> <span class='ocrx_word' id='word_1_353' title='bbox 1554 2787 1616 2821; x_wconf 87' lang='lat' dir='ltr'>the</span> <span class='ocrx_word' id='word_1_354' title='bbox 1634 2794 1740 2821; x_wconf 87' lang='lat' dir='ltr'>notes</span> <span class='ocrx_word' id='word_1_355' title='bbox 1758 2787 1799 2821; x_wconf 91' lang='lat' dir='ltr'>of</span> <span class='ocrx_word' id='word_1_356' title='bbox 1819 2787 1882 2821; x_wconf 91' lang='lat' dir='ltr'>the</span> <span class='ocrx_word' id='word_1_357' title='bbox 1902 2787 2043 2820; x_wconf 82' lang='lat' dir='ltr'>Oxford</span> 
     </span>
     <span class='ocr_line' id='line_1_44' title="bbox 377 2843 2042 2888; baseline 0 -11"><span class='ocrx_word' id='word_1_358' title='bbox 377 2844 514 2878; x_wconf 84' lang='lat' dir='ltr'>edition</span> <span class='ocrx_word' id='word_1_359' title='bbox 543 2844 583 2877; x_wconf 94' lang='lat' dir='ltr'>of</span> <span class='ocrx_word' id='word_1_360' title='bbox 604 2845 666 2878; x_wconf 91' lang='lat' dir='ltr'>the</span> <span class='ocrx_word' id='word_1_361' title='bbox 684 2844 854 2887; x_wconf 83' lang='lat' dir='ltr'>Vulgate.</span> <span class='ocrx_word' id='word_1_362' title='bbox 909 2845 982 2878; x_wconf 86' lang='lat' dir='ltr'>For</span> <span class='ocrx_word' id='word_1_363' title='bbox 1008 2843 1186 2887; x_wconf 88' lang='lat' dir='ltr'>instance,</span> <span class='ocrx_word' id='word_1_364' title='bbox 1206 2856 1318 2888; x_wconf 81' lang='lat' dir='ltr'>many</span> <span class='ocrx_word' id='word_1_365' title='bbox 1339 2845 1449 2878; x_wconf 77' lang='lat' dir='ltr'>MSS.</span> <span class='ocrx_word' id='word_1_366' title='bbox 1471 2843 1506 2877; x_wconf 92' lang='lat' dir='ltr'>in</span> <span class='ocrx_word' id='word_1_367' title='bbox 1524 2844 1625 2878; x_wconf 89' lang='lat' dir='ltr'>Luke</span> <span class='ocrx_word' id='word_1_368' title='bbox 1645 2843 1689 2886; x_wconf 84' lang='lat' dir='ltr'>xi,</span> <span class='ocrx_word' id='word_1_369' title='bbox 1710 2845 1764 2887; x_wconf 72' lang='lat'>46,</span> <span class='ocrx_word' id='word_1_370' title='bbox 1784 2844 1872 2878; x_wconf 82' lang='lat' dir='ltr'>read</span> <span class='ocrx_word' id='word_1_371' title='bbox 1897 2844 2042 2877; x_wconf 79' lang='lat' dir='ltr'>honeri-</span> 
     </span>
     <span class='ocr_line' id='line_1_45' title="bbox 377 2902 2042 2946; baseline 0 -11"><span class='ocrx_word' id='word_1_372' title='bbox 377 2903 442 2936; x_wconf 70' lang='lat' dir='ltr'>bus</span> <span class='ocrx_word' id='word_1_373' title='bbox 469 2902 503 2935; x_wconf 87' lang='lat' dir='ltr'>in</span> <span class='ocrx_word' id='word_1_374' title='bbox 529 2903 620 2946; x_wconf 79' lang='lat' dir='ltr'>quia</span> <span class='ocrx_word' id='word_1_375' title='bbox 645 2903 808 2936; x_wconf 80' lang='lat' dir='ltr'>oneratis</span> <span class='ocrx_word' id='word_1_376' title='bbox 833 2902 999 2936; x_wconf 76' lang='lat' dir='ltr'>homines</span> <span class='ocrx_word' id='word_1_377' title='bbox 1024 2903 1205 2945; x_wconf 83' lang='lat' dir='ltr'>oneribus,</span> <span class='ocrx_word' id='word_1_378' title='bbox 1230 2903 1305 2936; x_wconf 89' lang='lat' dir='ltr'>and</span> <span class='ocrx_word' id='word_1_379' title='bbox 1331 2909 1402 2937; x_wconf 86' lang='lat' dir='ltr'>two</span> <span class='ocrx_word' id='word_1_380' title='bbox 1423 2903 1518 2936; x_wconf 79' lang='lat' dir='ltr'>have</span> <span class='ocrx_word' id='word_1_381' title='bbox 1536 2914 1627 2936; x_wconf 83' lang='lat' dir='ltr'>even</span> <span class='ocrx_word' id='word_1_382' title='bbox 1655 2903 1717 2937; x_wconf 89' lang='lat' dir='ltr'>the</span> <span class='ocrx_word' id='word_1_383' title='bbox 1748 2914 1850 2937; x_wconf 85' lang='lat' dir='ltr'>same</span> <span class='ocrx_word' id='word_1_384' title='bbox 1876 2914 1977 2937; x_wconf 86' lang='lat' dir='ltr'>error</span> <span class='ocrx_word' id='word_1_385' title='bbox 2002 2913 2042 2936; x_wconf 84' lang='lat' dir='ltr'>as</span> 
     </span>
     <span class='ocr_line' id='line_1_46' title="bbox 377 2959 2043 3004; baseline 0.001 -12"><span class='ocrx_word' id='word_1_386' title='bbox 377 2961 444 2993; x_wconf 78' lang='lat' dir='ltr'>has</span> <span class='ocrx_word' id='word_1_387' title='bbox 464 2967 565 3004; x_wconf 74' lang='lat' dir='ltr'>crept</span> <span class='ocrx_word' id='word_1_388' title='bbox 586 2959 662 2993; x_wconf 80' lang='lat' dir='ltr'>into</span> <span class='ocrx_word' id='word_1_389' title='bbox 681 2961 742 2994; x_wconf 90' lang='lat' dir='ltr'>the</span> <span class='ocrx_word' id='word_1_390' title='bbox 770 2967 845 2994; x_wconf 83' lang='lat' dir='ltr'>text</span> <span class='ocrx_word' id='word_1_391' title='bbox 872 2960 907 2994; x_wconf 93' lang='lat' dir='ltr'>in</span> <span class='ocrx_word' id='word_1_392' title='bbox 928 2959 999 2994; x_wconf 84' lang='lat' dir='ltr'>this</span> <span class='ocrx_word' id='word_1_393' title='bbox 1019 2961 1135 3004; x_wconf 83' lang='lat' dir='ltr'>place,</span> <span class='ocrx_word' id='word_1_394' title='bbox 1155 2960 1229 2993; x_wconf 89' lang='lat' dir='ltr'>and</span> <span class='ocrx_word' id='word_1_395' title='bbox 1248 2960 1337 2994; x_wconf 83' lang='lat' dir='ltr'>read</span> <span class='ocrx_word' id='word_1_396' title='bbox 1362 2960 1572 2993; x_wconf 77' lang='lat' dir='ltr'>honoribus.</span> <span class='ocrx_word' id='word_1_397' title='bbox 1624 2960 1743 2994; x_wconf 88' lang='lat' dir='ltr'>Other</span> <span class='ocrx_word' id='word_1_398' title='bbox 1769 2959 1956 2994; x_wconf 86' lang='lat' dir='ltr'>instances</span> <span class='ocrx_word' id='word_1_399' title='bbox 1979 2972 2043 2994; x_wconf 86' lang='lat' dir='ltr'>are</span> 
     </span>
     <span class='ocr_line' id='line_1_47' title="bbox 375 3017 2043 3061; baseline 0.001 -10"><span class='ocrx_word' id='word_1_400' title='bbox 375 3018 625 3059; x_wconf 48' lang='lat' dir='ltr'>lloclsossodio,</span> <span class='ocrx_word' id='word_1_401' title='bbox 644 3018 698 3060; x_wconf 89' lang='lat' dir='ltr'>Jo.</span> <span class='ocrx_word' id='word_1_402' title='bbox 732 3030 788 3059; x_wconf 76' lang='lat' dir='ltr'>xv,</span> <span class='ocrx_word' id='word_1_403' title='bbox 812 3027 865 3061; x_wconf 80' lang='lat'>25,</span> <span class='ocrx_word' id='word_1_404' title='bbox 885 3018 937 3051; x_wconf 79' lang='lat' dir='ltr'>ad</span> <span class='ocrx_word' id='word_1_405' title='bbox 958 3018 1225 3052; x_wconf 76' lang='lat' dir='ltr'>llostiztmzad</span> <span class='ocrx_word' id='word_1_406' title='bbox 1237 3019 1384 3061; x_wconf 81' lang='lat' dir='ltr'>ostium,</span> <span class='ocrx_word' id='word_1_407' title='bbox 1404 3018 1447 3051; x_wconf 89' lang='lat' dir='ltr'>ib.</span> <span class='ocrx_word' id='word_1_408' title='bbox 1467 3017 1562 3061; x_wconf 84' lang='lat' dir='ltr'>xviii,</span> <span class='ocrx_word' id='word_1_409' title='bbox 1588 3019 1637 3061; x_wconf 81' lang='lat'>16,</span> <span class='ocrx_word' id='word_1_410' title='bbox 1657 3018 1731 3052; x_wconf 77' lang='lat' dir='ltr'>and</span> <span class='ocrx_word' id='word_1_411' title='bbox 1750 3031 1780 3052; x_wconf 80' lang='lat' dir='ltr'>v.</span> <span class='ocrx_word' id='word_1_412' title='bbox 1806 3027 1856 3061; x_wconf 91' lang='lat'>17,</span> <span class='ocrx_word' id='word_1_413' title='bbox 1875 3018 2043 3052; x_wconf 77' lang='lat' dir='ltr'>lzancz‘lla</span> 
     </span>
     <span class='ocr_line' id='line_1_48' title="bbox 384 3075 1333 3119; baseline 0 -10"><span class='ocrx_word' id='word_1_414' title='bbox 384 3077 575 3109; x_wconf 66' lang='lat' dir='ltr'>:am-illa.</span> <span class='ocrx_word' id='word_1_415' title='bbox 629 3075 724 3110; x_wconf 66' lang='lat' dir='ltr'>Vide</span> <span class='ocrx_word' id='word_1_416' title='bbox 746 3077 909 3118; x_wconf 72' lang='lat' dir='ltr'>R6nsch,</span> <span class='ocrx_word' id='word_1_417' title='bbox 928 3077 1030 3110; x_wconf 83' lang='lat' dir='ltr'>Itala</span> <span class='ocrx_word' id='word_1_418' title='bbox 1049 3087 1082 3109; x_wconf 79' lang='lat' dir='ltr'>u.</span> <span class='ocrx_word' id='word_1_419' title='bbox 1116 3077 1236 3119; x_wconf 58' lang='lat' dir='ltr'>Vulg„</span> <span class='ocrx_word' id='word_1_420' title='bbox 1255 3076 1333 3118; x_wconf 76' lang='lat'>462.</span> 
     </span>
    </p>

    <p class='ocr_par' dir='ltr' id='par_1_12' title="bbox 450 3133 2039 3179">
     <span class='ocr_line' id='line_1_49' title="bbox 450 3133 2039 3179; baseline 0.001 -13"><span class='ocrx_word' id='word_1_421' title='bbox 450 3134 462 3153; x_wconf 69' lang='lat'><strong>²</strong></span> <span class='ocrx_word' id='word_1_422' title='bbox 488 3134 689 3166; x_wconf 76' lang='lat' dir='ltr'>lnslabnnt</span> <span class='ocrx_word' id='word_1_423' title='bbox 715 3137 889 3177; x_wconf 63' lang='lat' dir='ltr'>tempora.</span> <span class='ocrx_word' id='word_1_424' title='bbox 942 3134 1065 3168; x_wconf 85' lang='lat' dir='ltr'>These</span> <span class='ocrx_word' id='word_1_425' title='bbox 1085 3135 1153 3168; x_wconf 70' lang='lat' dir='ltr'>five</span> <span class='ocrx_word' id='word_1_426' title='bbox 1173 3146 1298 3168; x_wconf 72' lang='lat' dir='ltr'>verses</span> <span class='ocrx_word' id='word_1_427' title='bbox 1325 3146 1386 3168; x_wconf 85' lang='lat' dir='ltr'>are</span> <span class='ocrx_word' id='word_1_428' title='bbox 1405 3133 1515 3178; x_wconf 78' lang='lat' dir='ltr'>again</span> <span class='ocrx_word' id='word_1_429' title='bbox 1535 3134 1673 3179; x_wconf 79' lang='lat' dir='ltr'>quoted</span> <span class='ocrx_word' id='word_1_430' title='bbox 1694 3133 1728 3167; x_wconf 87' lang='lat' dir='ltr'>in</span> <span class='ocrx_word' id='word_1_431' title='bbox 1748 3135 1844 3178; x_wconf 79' lang='lat' dir='ltr'>App.</span> <span class='ocrx_word' id='word_1_432' title='bbox 1860 3135 1902 3176; x_wconf 85' lang='lat' dir='ltr'>A,</span> <span class='ocrx_word' id='word_1_433' title='bbox 1918 3135 2039 3168; x_wconf 82' lang='lat' dir='ltr'>where</span> 
     </span>
    </p>
   </div>
   <div class='ocr_carea' id='block_1_11' title="bbox 379 3191 2039 3291">
    <p class='ocr_par' dir='ltr' id='par_1_13' title="bbox 379 3191 2039 3291">
     <span class='ocr_line' id='line_1_50' title="bbox 379 3191 2039 3236; baseline 0.001 -12"><span class='ocrx_word' id='word_1_434' title='bbox 379 3192 496 3225; x_wconf 70' lang='lat' dir='ltr'>either</span> <span class='ocrx_word' id='word_1_435' title='bbox 528 3191 657 3225; x_wconf 64' lang='lat' dir='ltr'>(iildas</span> <span class='ocrx_word' id='word_1_436' title='bbox 689 3203 728 3225; x_wconf 92' lang='lat' dir='ltr'>or</span> <span class='ocrx_word' id='word_1_437' title='bbox 758 3191 814 3225; x_wconf 85' lang='lat' dir='ltr'>his</span> <span class='ocrx_word' id='word_1_438' title='bbox 844 3191 1071 3226; x_wconf 78' lang='lat' dir='ltr'>transcriber</span> <span class='ocrx_word' id='word_1_439' title='bbox 1090 3191 1118 3226; x_wconf 86' lang='lat' dir='ltr'>is</span> <span class='ocrx_word' id='word_1_440' title='bbox 1149 3191 1258 3235; x_wconf 82' lang='lat' dir='ltr'>using</span> <span class='ocrx_word' id='word_1_441' title='bbox 1284 3204 1306 3226; x_wconf 86' lang='lat' dir='ltr'>a</span> <span class='ocrx_word' id='word_1_442' title='bbox 1329 3204 1416 3236; x_wconf 83' lang='lat' dir='ltr'>very</span> <span class='ocrx_word' id='word_1_443' title='bbox 1440 3191 1610 3226; x_wconf 80' lang='lat' dir='ltr'>different</span> <span class='ocrx_word' id='word_1_444' title='bbox 1642 3199 1727 3226; x_wconf 78' lang='lat' dir='ltr'>text.</span> <span class='ocrx_word' id='word_1_445' title='bbox 1791 3192 1862 3226; x_wconf 86' lang='lat' dir='ltr'>See</span> <span class='ocrx_word' id='word_1_446' title='bbox 1889 3199 1975 3226; x_wconf 90' lang='lat' dir='ltr'>note</span> <span class='ocrx_word' id='word_1_447' title='bbox 2002 3199 2039 3226; x_wconf 94' lang='lat' dir='ltr'>to</span> 
     </span>
     <span class='ocr_line' id='line_1_51' title="bbox 379 3248 552 3291; baseline 0 -10"><span class='ocrx_word' id='word_1_448' title='bbox 379 3250 484 3291; x_wconf 64' lang='lat' dir='ltr'>Frag.</span> <span class='ocrx_word' id='word_1_449' title='bbox 507 3248 552 3281; x_wconf 84' lang='lat' dir='ltr'>iii.</span> 
     </span>
    </p>
   </div>
  </div>
 </body>
</html>
