2214 3556
304 267 332 310 4
345 267 358 296 1
369 267 401 298 o
965 247 1012 292 V
1010 248 1079 294 ita
1115 247 1302 294 Gildae.

305 393 488 440 raptam.
554 384 748 426 Reddita
785 397 890 437 ergo
928 384 1020 433 suit,
1054 397 1167 436 quae
1200 382 1424 423 reddenda
1457 380 1610 429 fuerat,
1633 393 1709 433 per
1731 393 1885 433 pacem
1919 384 1962 420 et

304 456 669 496 benevolentiam.
736 454 820 495 His
852 454 1041 507 peractis
1067 454 1156 493 duo
1186 466 1308 505 reges
1343 451 1487 503 largiti
1511 456 1613 490 sunt
1651 449 1800 489 abbati
1825 449 1962 489 multa

304 526 533 573 territoria,
555 525 629 577 qui
653 529 867 564 venerunt
889 523 944 563 ad
981 522 1196 575 templum
1231 527 1409 561 sanctae
1435 519 1601 559 Mariae
1624 518 1891 559 visitandum
1919 524 1962 558 et

304 594 520 633 orandum
536 591 825 633 confirmante
842 591 1004 631 abbate
1019 590 1337 630 fraternitatem
1360 589 1567 630 dilectam
1586 601 1665 640 pro
1688 600 1796 639 pace
1812 586 1963 626 habita

305 667 349 701 et
372 674 450 713 pro
473 659 696 700 beneficiis
719 673 831 713 quae
855 659 1048 699 fecerant
1069 664 1113 698 et
1131 657 1320 710 amplius
1343 671 1455 710 quae
1474 656 1629 696 facturi
1652 661 1786 695 erant.
1856 655 1964 694 Inde
2004 665 2019 692 5

307 729 528 770 redierunt
544 743 667 781 reges
689 728 908 782 pacificati
928 728 1236 780 promittentes
1258 733 1518 767 veneranter
1540 725 1719 765 obedire
1748 730 1964 764 reverent-

307 798 456 837 issimo
479 798 627 838 abbati
645 797 944 839 Glastoniensi
959 802 1002 837 et
1026 809 1266 848 numquam
1290 795 1452 836 violare
1470 794 1796 835 sanctissimum
1820 792 1964 832 locum

308 880 387 907 nec
410 867 543 907 etiam
567 866 840 907 subiacentia
863 865 960 905 loco
984 864 1224 918 principali.

397 935 566 976 Habita
599 935 775 975 licentia
812 934 985 974 abbatis
1028 933 1350 974 Glastoniensis
1385 932 1486 973 cleri
1528 939 1572 973 et
1609 931 1760 984 populi
1799 930 1964 984 cupivit
1990 935 2042 966 12

307 1005 660 1057 religiosissimus
703 1003 857 1044 Gildas
900 1002 1225 1043 heremitariam
1270 1003 1425 1042 iterum
1473 1001 1610 1042 vitam
1652 1000 1793 1040 colere
1834 1013 1965 1053 supra
1985 1017 2020 1036 10

305 1073 447 1126 ripam
485 1073 677 1113 fluminis
713 1072 907 1125 proximi
946 1071 1204 1113 Glastoniae
1249 1077 1293 1112 et
1329 1070 1603 1112 voluntatem
1640 1070 1879 1123 complevit
1922 1070 1964 1109 in

304 1155 446 1194 opere.
512 1142 600 1182 Ubi
624 1140 874 1182 aedificavit
896 1140 1126 1181 ecclesiam
1152 1140 1194 1179 in
1228 1140 1407 1180 nomine
1429 1146 1607 1180 sanctae
1639 1145 1682 1179 et
1714 1130 1968 1178 individuae

304 1211 548 1261 Trinitatis,
580 1211 622 1251 in
658 1224 746 1264 qua
783 1209 1009 1250 ieiunabat
1046 1215 1090 1250 et
1126 1208 1281 1249 orabat
1313 1209 1487 1249 assidue
1520 1214 1564 1248 et
1600 1207 1742 1248 cilicio
1777 1207 1970 1256 indutus,

304 1280 561 1333 exemplum
609 1280 781 1320 donans
817 1278 1024 1319 omnibus
1061 1276 1440 1331 irreprehensibile
1477 1276 1590 1317 bene
1639 1275 1817 1316 vivendi
1869 1289 1968 1315 curn

306 1349 526 1402 religione.
589 1349 847 1389 Visitabant
880 1347 1021 1388 sancti
1048 1347 1128 1388 viri
1161 1346 1283 1387 illum
1319 1345 1589 1387 visitandum
1624 1345 1680 1385 de
1714 1344 1966 1397 longinquis
1990 1349 2026 1379 Ῑ5

307 1418 506 1472 partibus
544 1418 813 1467 Britanniae,
848 1416 1079 1457 ammoniti
1118 1415 1321 1456 redibant
1357 1421 1401 1456 et
1433 1415 1585 1455 audita
1618 1414 1899 1454 hortamenta
1927 1419 1970 1453 et

307 1488 490 1528 consilia
512 1487 761 1528 retinebant
784 1500 884 1527 cum
907 1485 1197 1526 exultatione.

395 1556 659 1608 Aegrotavit
681 1556 862 1596 tandem
880 1561 924 1596 et
941 1555 1047 1595 dum
1071 1559 1385 1606 aggravaretur
1407 1552 1694 1605 aegritudine,
1713 1551 1971 1592 convocavit
1998 1555 2013 1585 I
2028 1555 2052 1599 3

307 1625 515 1666 abbatem
541 1625 813 1674 Glastoniae,
835 1624 909 1677 qui
945 1623 1117 1676 rogavit
1138 1636 1238 1662 eum
1263 1636 1363 1662 cum
1389 1635 1553 1674 magna
1575 1621 1754 1674 pietate,
1777 1626 1824 1660 ut
1847 1619 1971 1660 finito

306 1709 434 1734 cursu
458 1695 576 1735 vitae
600 1694 761 1734 faceret
797 1693 957 1734 deferri
995 1706 1154 1745 corpus
1188 1705 1316 1732 suurn
1347 1691 1402 1731 ad
1438 1691 1663 1731 abbatiam
1701 1689 1970 1738 Glastoniae,
1989 1703 2028 1722 20

305 1778 439 1817 quam
483 1763 696 1816 diligebat
749 1763 957 1803 maxime.
1035 1761 1214 1801 Abbate
1252 1761 1540 1813 promittente
1591 1759 1750 1811 dignos
1787 1764 1968 1811 rogatus

309 1834 502 1886 explere,
521 1840 563 1873 et
587 1838 766 1885 propter
781 1832 956 1872 auditos
971 1830 1149 1870 dolente
1163 1835 1207 1869 et
1229 1829 1414 1869 nimium
1434 1829 1703 1877 lacrimante,
1727 1827 1973 1880 exspiravit

307 1903 611 1943 sanctissimus
636 1901 790 1942 Gildas
813 1907 1048 1953 aegrotans
1070 1899 1199 1940 valde
1232 1898 1382 1939 multis
1403 1898 1657 1938 videntibus
1689 1897 1971 1950 splendorem

312 1972 561 2024 angelicum
581 1972 695 2010 circa
712 1984 869 2023 corpus
888 1968 1154 2009 odoriferum
1172 1974 1215 2008 et
1233 1968 1401 2020 angelis
1419 1966 1773 2007 consociantibus
1789 1966 1972 2006 animae.

313 2043 417 2082 Post
452 2040 870 2081 conmendationem
909 2037 1225 2078 lacrimabilem
1259 2036 1485 2089 expletam
1524 2035 1719 2075 defertur
1747 2049 1772 2074 a
1805 2034 1974 2075 confra-
1993 2043 2032 2072 25

310 2111 448 2151 tribus
472 2123 630 2163 corpus
654 2109 925 2149 levissimum
949 2108 1004 2147 ad
1038 2107 1264 2146 abbatiam
1288 2112 1331 2146 et
1354 2119 1453 2145 curn
1487 2105 1668 2158 planctu
1703 2104 1901 2144 maximo
1922 2110 1967 2144 et

310 2181 476 2219 honore
498 2179 760 2232 dignissimo
784 2178 993 2231 sepelitur
1016 2177 1057 2216 in
1089 2176 1236 2216 medio
1265 2175 1522 2228 pavimento
1545 2173 1754 2214 ecclesiae
1778 2173 1971 2214 Sanctae

312 2248 490 2297 Mariae,
514 2248 636 2287 cuius
659 2247 806 2286 anima
830 2245 1043 2299 requievit
1066 2251 1109 2285 et
1133 2244 1366 2296 requiescit
1390 2256 1439 2282 ac
1463 2243 1706 2295 requiescet
1730 2243 1770 2282 in
1794 2242 1974 2282 caelesti

310 2318 468 2369 requie.
532 2317 691 2357 Amen.

399 2386 661 2438 Ynisgutrin
693 2385 922 2425 nominata
946 2384 1027 2425 fuit
1059 2383 1303 2437 antiquitus
1327 2381 1576 2423 Glastonia1
1599 2386 1642 2421 et
1664 2381 1809 2421 adhuc
1832 2380 1972 2420 nomi·
2004 2392 2060 2436 14

313 2462 442 2496 natur
476 2470 501 2495 a
540 2455 763 2495 Britannis
793 2454 1041 2507 incligenis;
1075 2454 1174 2507 ynis
1207 2454 1248 2492 in
1292 2452 1550 2492 Britannico
1586 2464 1789 2490 sermone
1830 2450 1973 2490 insula

384 2636 394 2656 ¹
432 2637 655 2680 Vatis-(metria
679 2636 874 2669 nominata
883 2636 971 2681 suit
990 2635 1203 2679 antiquitus
1223 2632 1431 2667 Glastom'a.
1485 2632 1556 2665 We
1575 2631 1651 2664 find
1669 2642 1691 2665 a
1710 2630 1851 2664 similar
1869 2637 1979 2664 state-

314 2702 415 2729 ment
435 2695 470 2728 in
491 2694 653 2728 William
673 2694 714 2728 of
731 2694 987 2738 Malmesbury
1007 2693 1134 2736 (Gesta
1152 2693 1296 2737 Regum
1314 2691 1544 2735 Anglarum,
1563 2701 1592 2723 c.
1614 2690 1673 2731 27)
1693 2702 1700 2730 ;
1727 2690 1773 2723 he
1792 2688 1981 2723 describes

315 2764 335 2785 a
364 2753 509 2785 chastes
538 2751 736 2785 witnessed
766 2752 814 2795 by
841 2752 1021 2793 Maworn,
1044 2750 1190 2794 bishop,
1218 2749 1292 2783 and
1311 2749 1482 2791 XVorgez,
1505 2748 1630 2789 abbot,
1651 2747 1692 2781 of
1718 2748 1982 2791 Clastonbury‚

316 2809 532 2853 containing
548 2821 569 2843 a
584 2816 691 2853 grant
710 2809 751 2843 of
765 2810 851 2843 land
868 2817 905 2843 to
921 2810 983 2843 the
999 2808 1284 2850 Ealdechirclie,
1301 2819 1342 2841 or
1358 2807 1419 2840 the
1434 2806 1507 2839 Old
1523 2806 1683 2847 Chu1·ch‚
1699 2817 1750 2847 τις,
1765 2817 1811 2839 on
1825 2813 1983 2840 account

316 2869 356 2901 of
379 2868 423 2902 its
450 2868 644 2913 antiquity,
664 2868 689 2902 it
710 2880 782 2902 was
809 2869 928 2903 calleci
955 2869 1003 2912 by
1022 2869 1083 2902 the
1104 2866 1262 2911 English
1282 2867 1328 2909 (c.
1353 2866 1420 2908 20).
1472 2865 1553 2898 The
1572 2864 1659 2898 land
1680 2865 1709 2897 is
1729 2864 1847 2898 called
1867 2863 1901 2897 in
1921 2865 1984 2898 the

317 2927 463 2959 chartei·
488 2928 708 2960 luins-wllrz'n
727 2926 815 2970 (ie,
834 2927 916 2960 Jm‘s
943 2926 1110 2968 ll'itm'n),
1130 2926 1204 2959 and
1231 2923 1397 2958 William
1424 2923 1624 2956 concludes
1651 2922 1713 2956 the
1740 2923 1840 2966 royal
1867 2922 1986 2955 donor

319 2991 415 3017 must
440 2985 527 3017 bea
550 2984 745 3018 Devonian
771 2985 872 3028 king,
894 2985 1086 3018 “because
1110 2985 1156 3017 he
1184 2983 1303 3017 called
1330 2980 1527 3016 mastonia
1553 2980 1588 3014 in
1613 2979 1670 3014 his
1694 2991 1775 3014 own
1800 2981 1984 3024 language

324 3040 548 3074 Inesxx‘itrin'7
570 3043 686 3085 (quad
701 3043 935 3076 Glaslom'am
962 3054 1031 3076 sua
1058 3043 1191 3087 lingua
1216 3041 1435 3075 Jneswitrin
1459 3039 1670 3083 appellavit
1678 3050 1697 3078 ;
1722 3040 1775 3072 sic
1789 3040 1887 3072 enim
1906 3050 1985 3072 eam

322 3098 539 3132 Britannice
557 3101 687 3133 vocari
702 3102 808 3143 apud
821 3113 879 3134 eas
897 3104 1061 3143 constat).
1116 3101 1198 3134 One
1218 3099 1247 3133 is
1266 3098 1433 3142 strongly
1451 3096 1617 3141 tempted
1637 3103 1674 3130 to
1693 3095 1798 3130 think
1821 3097 1899 3130 that
1924 3097 1986 3131 the

321 3155 422 3196 false,
452 3157 616 3199 popular,
645 3159 858 3202 etymology
885 3160 925 3192 os
950 3158 1119 3192 Caradoc
1150 3159 1218 3192 has
1248 3156 1379 3190 misled
1412 3167 1523 3199 many
1550 3154 1714 3195 writer53
1756 3154 1812 3188 sor
1847 3156 1986 3188 We'trin

326 3224 445 3246 seems
473 3215 715 3259 exceedingly
735 3216 806 3249 like
833 3229 853 3250 a
881 3218 997 3251 man's
1024 3228 1134 3250 name
1154 3215 1284 3257 which,
1304 3214 1443 3258 having
1462 3214 1617 3247 become
1639 3213 1779 3247 Gulrz'n
1793 3213 1984 3255 (Gus'trin)
