2173 3556
413 252 430 286 1
448 254 505 288 10
908 237 986 288 De
1012 237 1222 288 Excidio
1246 238 1564 288 Britanniae.

392 376 648 429 ficrorisque
689 375 752 416 ad
774 377 1016 429 ponendam
1054 383 1213 417 terram
1252 376 1297 416 in
1333 375 1605 416 solitudinem
1638 383 1678 416 et
1709 383 1943 429 peccatores
1978 375 2069 416 eius

404 445 669 485 conterendos
690 445 740 485 de
759 459 818 494 ea,
841 445 1041 498 quoniam
1063 446 1206 486 stellae
1236 445 1342 485 caeli
1368 451 1409 485 et
1426 445 1624 497 splendor
1641 459 1789 485 earum
1812 460 1893 485 non
1914 452 2068 497 expan-

405 513 507 553 dent
525 514 667 553 lumen
687 528 826 562 suum,
840 513 1179 554 obtenebrabitur
1196 514 1260 553 sol
1278 513 1323 553 in
1345 520 1440 553 ortu
1461 528 1536 553 suo
1556 519 1597 553 et
1615 513 1720 553 luna
1742 528 1823 553 non
1839 513 2071 566 splendebit

407 582 452 622 in
489 589 668 634 tempore
699 597 782 623 suo.
867 582 926 622 Et
957 582 1139 623 visitabo
1180 589 1308 634 super
1345 582 1473 622 orbis1
1518 582 1635 622 mala
1666 588 1708 622 et
1735 589 1878 622 contra
1917 581 2068 634 impios

407 650 680 703 iniquitatem
718 651 907 703 ipsorum
952 658 993 691 et
1021 651 1227 704 quiescere
1253 651 1425 702 faciam
1461 650 1704 702 superbiam
1748 650 1987 704 infidelium
2029 656 2070 690 et
2105 665 2122 694 5

125 736 163 764 ls.
186 734 342 767 xxix-,142
406 721 705 772 arrogantiam
726 721 920 771 fortium
957 720 1202 760 humiliabo.
1266 721 1325 760 Et
1362 720 1548 760 iterum:
1581 720 1684 760 Ecce
1704 720 1920 759 Dominus
1940 719 2066 759 dissi-

396 788 524 839 pabit
558 795 718 828 terram
759 795 799 828 et
833 788 1015 828 nudabit
1048 802 1140 828 eam
1183 794 1224 828 et
1265 787 1430 841 affliget
1457 787 1621 839 faciem
1655 787 1745 827 eius
1780 794 1820 827 et
1858 787 2070 840 disperget

403 856 662 897 habitatores
688 857 778 897 eius
798 864 839 897 et
857 857 941 897 erit
967 857 1078 897 sicut
1102 857 1297 909 populus,
1319 858 1380 896 sic
1407 856 1609 906 sacerdos,
1640 863 1680 896 et
1698 856 1809 896 sicut
1826 871 1986 906 servus,
2007 856 2070 896 sic

405 926 606 966 dominus
625 926 726 975 eius,
746 926 857 966 sicut
886 926 1054 975 ancilla,
1075 927 1137 966 sic
1154 925 1330 966 domina
1367 925 1469 974 eius,
1490 925 1600 965 sicut
1631 939 1781 975 emens,
1802 925 1863 965 sic
1892 925 1963 965 ille
1993 925 2072 977 qui

404 995 560 1043 vendit,
581 995 691 1035 sicut
697 996 933 1046 fenerator,
955 995 1016 1035 sic
1046 995 1116 1035 ille
1146 994 1225 1047 qui
1250 1001 1447 1035 mutuum
1484 994 1644 1046 accipit,
1679 994 1789 1034 sicut
1808 993 1887 1047 qui
1911 994 2069 1046 repetit,
2089 1008 2125 1028 10

402 1064 464 1103 sic
483 1064 562 1116 qui
578 1063 703 1104 debet.
765 1063 1060 1116 Dissipatione
1086 1063 1373 1116 dissipabitur
1406 1070 1522 1103 terra
1556 1070 1596 1103 et
1625 1063 1860 1116 direptione
1881 1063 2068 1115 praeda-

404 1131 531 1173 bitur.
592 1132 809 1172 Dominus
829 1133 942 1172 enim
964 1133 1126 1172 locutus
1146 1139 1209 1172 est
1228 1132 1402 1172 verbum
1424 1132 1498 1172 lzoc
1512 1147 1526 1173 :
1557 1132 1670 1172 luxit
1689 1139 1730 1172 et
1743 1131 1923 1185 defluxit
1942 1138 2070 1181 terra,

405 1200 587 1253 defluxit
601 1201 724 1251 orbis,
747 1201 974 1254 infirmata
995 1208 1057 1241 est
1085 1201 1270 1241 altitudo
1291 1201 1447 1253 populi
1476 1209 1614 1241 terrae
1643 1208 1684 1241 et
1714 1207 1830 1241 terra
1853 1201 2071 1252 inteifecta

403 1270 480 1310 est²
501 1270 554 1310 ab
575 1270 888 1310 habitatoribus
907 1270 1010 1320 suis,
1032 1271 1135 1324 quia
1157 1270 1421 1323 transgressi
1436 1276 1539 1310 sunt
1558 1270 1676 1322 leges,
1694 1276 1973 1310 mutaverunt
1992 1269 2071 1319 ius,

402 1339 724 1392 dissipaverunt
743 1339 902 1391 foedus
935 1340 1249 1392 sempiternum.
1311 1339 1497 1391 Propter
1529 1338 1603 1378 lioc
1636 1338 1872 1379 maledictio
1903 1338 2072 1378 vorabit
2089 1353 2125 1382 15

405 1415 577 1449 terram.

118 1494 157 1522 ss,
181 1494 260 1528 xxiv,
280 1502 359 1531 7-15-
492 1478 551 1518 Et
602 1477 740 1518 infra:
792 1478 1075 1531 Ingenczscent
1126 1492 1268 1518 omnes
1322 1476 1402 1530 qui
1445 1477 1668 1517 laetantur
1715 1476 1844 1526 corde,
1892 1475 2071 1516 cessabit
2087 1483 2117 1527 4
2125 1482 2149 1529 5

395 1546 612 1600 gaudium
677 1553 988 1599 tympanorum,
1051 1546 1231 1599 quiescet
1289 1546 1454 1586 sonitus
1514 1545 1783 1595 laetantium,
1838 1545 2072 1586 conticescet

400 1615 571 1655 dulcedo
605 1615 796 1655 citliarae
829 1630 924 1655 cum
959 1615 1129 1665 cantico,
1162 1630 1244 1655 non
1281 1615 1421 1656 bibent
1452 1615 1615 1665 vinum,
1651 1629 1807 1655 amara
1842 1615 1926 1655 erit
1949 1615 2069 1667 potio

402 1683 639 1724 bibentibus
679 1684 811 1724 illam.
892 1685 1064 1724 Attrita
1104 1691 1167 1724 est
1204 1684 1360 1724 civitas
1399 1684 1622 1734 vanitatis,
1654 1684 1800 1724 clausa
1835 1690 1898 1724 est
1931 1683 2069 1724 omnis
2087 1699 2126 1720 20

401 1752 552 1793 domus
583 1753 697 1793 nullo
728 1753 974 1794 introeunte.
1055 1753 1229 1794 Clamor
1256 1753 1340 1793 erit
1362 1760 1490 1805 super
1520 1753 1619 1792 vino
1642 1753 1687 1792 in
1709 1752 1881 1804 plateis,
1903 1752 2068 1792 deserta

401 1829 463 1862 est
501 1822 640 1862 omnis
679 1822 858 1872 laetitia,
899 1823 1162 1862 translatum
1203 1829 1267 1862 est
1297 1822 1515 1875 gaudium
1549 1828 1698 1871 terrae,
1733 1821 1878 1862 relicta
1918 1828 1981 1862 est
2020 1821 2066 1861 in

401 1891 502 1931 urbe
540 1891 722 1931 solitudo
772 1898 812 1931 et
858 1892 1086 1932 calamitas
1126 1892 1333 1944 opprimet
1362 1898 1526 1944 portas,
1572 1891 1676 1944 quia
1716 1891 1818 1931 llaec
1855 1898 1982 1932 erunt
2021 1891 2067 1930 in

402 1960 536 2000 medi'o
577 1967 714 2000 terrae
753 1967 794 2000 et
825 1960 870 2000 in
905 1961 1040 2001 medio
1066 1961 1332 2013 populorum.
1409 1961 1469 2001 Et
1501 1966 1602 2013 post
1636 1974 1804 2013 pauca:
1835 1959 2065 2012 praevari-

117 2041 155 2069 [ε.
177 2041 256 2074 xxiv,
280 2042 377 2077 1623.
399 2036 539 2069 cantes
562 2029 861 2081 praevaricati
897 2036 1000 2070 sunt
1016 2031 1032 2054 3
1052 2037 1093 2070 et
1122 2029 1496 2082 pr(zevaricatione
1536 2036 1904 2083 transgressorum
1936 2036 2063 2081 prae·
2085 2045 2122 2074 25

401 2098 590 2137 varicati
605 2105 715 2138 sunt.
777 2099 982 2138 Formido
1012 2106 1053 2139 et
1070 2100 1227 2150 foveae
1253 2106 1294 2139 et
1323 2100 1499 2152 laqueus
1519 2106 1647 2151 super
1675 2105 1723 2146 te,
1746 2099 1824 2151 qui
1848 2098 2068 2138 habitator

401 2180 443 2206 es
464 2173 611 2207 terrae.
672 2167 734 2206 Et
757 2168 840 2207 erit
853 2182 866 2207 .·
911 2167 990 2220 qui
1005 2168 1181 2220 sugerit
1206 2183 1232 2208 a
1258 2182 1350 2208 voce
1367 2168 1642 2219 formidinis,
1663 2168 1783 2208 cadet
1813 2168 1858 2208 in
1871 2169 2061 2219 foveam,

401 2242 442 2275 et
475 2235 553 2288 qui
583 2249 626 2275 se
657 2236 903 2288 esplicuerit
928 2236 978 2276 de
997 2238 1141 2288 fovea,
1171 2237 1381 2277 tenebitur
1405 2237 1551 2290 laqueo
1567 2253 1582 2278 .·
1615 2237 1718 2290 quia
1746 2243 1983 2277 cataractae
2015 2237 2066 2277 de

401 2305 568 2344 excelsis
599 2312 768 2357 apertae
797 2312 925 2345 erunt
952 2312 992 2346 et
1021 2307 1311 2346 concutientur
1326 2307 1624 2358 fundamenta
1652 2313 1800 2347 terrae.
1866 2306 2065 2358 Confrac-

402 2375 512 2414 tione
532 2375 827 2428 confringetur
847 2381 974 2424 terra,
1006 2376 1278 2416 commotione
1297 2375 1634 2425 commovebitur,
1667 2375 1904 2428 agitatione
1924 2376 2065 2428 agita-
2083 2392 2122 2420 30

401 2443 520 2483 bitur
551 2443 663 2483 sicut
687 2443 830 2483 ebrius
861 2450 901 2483 et
935 2445 1158 2495 auferetur
1191 2444 1319 2497 quasi
1352 2444 1670 2484 tabernaculum
1708 2444 1838 2484 unius
1869 2445 2000 2484 noctis
2029 2451 2070 2485 et

394 2511 604 2563 gravabit
622 2525 715 2551 eam
738 2511 948 2564 iniquitas
968 2527 1048 2552 sua
1069 2519 1109 2552 et
1128 2519 1293 2553 corruet
1311 2519 1351 2553 et
1372 2527 1453 2553 non
1474 2512 1638 2562 adiciet,
1671 2519 1719 2552 ut
1739 2520 1946 2565 resulgat.
2006 2513 2070 2553 Et

401 2580 514 2620 erit:
547 2581 592 2620 in
615 2581 683 2620 die
704 2581 781 2620 illa
804 2581 1001 2621 visitabit
1021 2581 1239 2622 Dominus
1268 2589 1396 2634 super
1427 2581 1633 2621 ulz'litiam
1664 2581 1772 2621 caeli
1789 2582 1835 2621 in
1857 2582 2008 2621 excelso
2028 2588 2069 2622 et

400 2656 527 2700 super
547 2663 662 2702 riges
683 2656 820 2690 terrae
851 2650 930 2703 qui
957 2657 1061 2690 suut
1087 2658 1215 2703 super
1244 2658 1416 2700 terram,
1452 2656 1492 2690 et
1510 2649 1881 2702 congregabuntur
1899 2650 1944 2690 in
1975 2664 2066 2690 con-

473 2793 484 2814 l
514 2795 622 2829 Orbis
639 2796 766 2830 mala:
808 2797 842 2830 A
861 2797 969 2830 reads
988 2796 1278 2830 urbes=Amiat.

473 2851 486 2871 ²
510 2853 688 2887 Altitudo
709 2854 848 2898 populi
871 2859 966 2888 terre
993 2859 1029 2888 et
1055 2858 1156 2888 terra
1179 2854 1371 2899 interjecta
1398 2857 1460 2896 est,
1486 2852 1515 2886 is
1542 2852 1603 2886 the
1630 2851 1785 2897 reading
1815 2852 1856 2886 of
1881 2864 1951 2887 one
1982 2853 2063 2888 MS.

403 2910 500 2953 only,
531 2911 574 2953 A,
606 2911 725 2945 which
759 2913 968 2957 frequently
1003 2912 1032 2946 is
1067 2913 1182 2946 found
1210 2912 1296 2947 with
1330 2911 1505 2955 readings
1540 2911 1759 2955 apparently
1793 2911 1995 2945 retouched
2029 2911 2065 2945 in

403 2966 632 3000 accordance
663 2967 747 3001 with
779 2980 800 3002 a
831 2979 940 3012 purer
968 2975 1053 3012 type
1081 2968 1123 3001 of
1147 2969 1207 3002 the
1238 2968 1400 3011 Vulgate
1428 2974 1514 3010 text,
1542 2978 1594 3009 as,
1623 2977 1705 3010 e.g.‚
1733 2967 1930 3008 comeditis,
1961 2967 2067 3001 urbes

404 3023 620 3058 mentioned
639 3025 769 3060 above.

473 3081 487 3101 ³
511 3082 825 3118 praevaricantes
836 3086 1103 3128 praevaricati
1116 3089 1214 3119 sunt.
1266 3085 1318 3118 As
1346 3082 1563 3117 mentioned
1583 3081 1618 3116 in
1638 3094 1659 3116 a
1685 3081 1856 3126 previous
1875 3089 1973 3124 note,
1992 3083 2065 3118 this

404 3140 492 3173 verb
510 3140 577 3174 lias
596 3141 690 3176 been
711 3142 877 3176 retained
896 3143 944 3187 by
962 3144 1110 3187 Jerome
1142 3143 1177 3176 in
1207 3143 1268 3178 the
1298 3143 1470 3186 Vulgate,
1489 3141 1582 3174 from
1602 3141 1663 3174 the
1693 3140 1766 3173 Old
1799 3140 1918 3184 Latin,
1937 3153 1977 3175 as
2004 3142 2066 3176 the

405 3197 614 3241 equivalent
633 3200 673 3233 of
688 3201 928 3246 παραβαίνειν.
