2214 3556
503 252 563 296 34
572 253 594 282 2
1158 233 1206 279 V
1204 233 1273 279 ita
1314 231 1505 278 Gz‘ldae.

497 374 745 414 universum
790 372 830 410 in
877 370 960 410 fide
1012 369 1237 417 catholica,
1280 374 1327 408 ut
1381 367 1590 409 Sanctam
1636 366 1897 405 Trinitatem
1953 362 2156 409 colerent,

498 441 718 490 instruxit,
736 439 924 493 populos
940 439 1130 491 graviter
1154 437 1369 477 morsibus
1392 435 1711 475 haereticorum
1737 435 1956 474 sauciatos
1977 431 2156 479 curavit,

497 510 670 549 fraudes
712 508 953 548 haereticas
1010 520 1109 547 cum
1165 505 1414 546 auctoribus
1472 504 1560 544 suis
1603 503 1659 543 ab
1710 503 1772 543 eis
1815 502 1944 554 longe
1986 500 2154 553 repulit.

501 578 774 629 lamiamque
811 575 1053 628 pullulante
1092 575 1131 614 in
1172 574 1339 626 gremio
1371 578 1548 612 sanctae
1587 571 1737 611 matris
1769 570 1976 610 ecclesiae
2008 573 2156 619 segete

496 646 789 685 multitudinis
824 644 1094 683 credentium
1129 650 1171 682 et
1209 642 1370 682 avulsis
1408 641 1726 681 haereticorum
1762 639 1898 691 spinis
1933 645 2046 678 terra
2079 636 2153 676 diu

493 715 651 754 sterilis
675 714 910 753 fecundata
933 726 1026 752 rore
1049 711 1248 751 caelestis
1281 710 1448 762 gratiae
1481 710 1692 761 gratiores
1724 707 1887 761 profert
1911 707 2075 746 fructus
2098 704 2151 744 ad

493 784 764 836 agnitionem
789 795 1004 834 supernae
1027 780 1283 820 vocationis.
1349 779 1457 818 Fide
1481 791 1670 830 namque
1694 783 1914 817 crescente
1938 774 2153 815 catholica

492 853 613 904 regio
637 852 788 904 gavisa
810 857 875 890 est
898 856 1071 889 tantum
1095 863 1140 888 se
1164 848 1457 901 promeruisse
1481 854 1728 899 patronum.
1785 844 1927 885 Multa
1945 844 2152 895 deinceps

491 922 554 960 vir
577 921 731 960 beatus
751 919 1016 959 monasteria
1032 917 1298 957 construxitl
1316 917 1355 956 in
1381 917 1537 956 eadem
1563 915 1716 963 insula,
1733 928 1818 954 non
1845 926 2008 966 paucos
2030 912 2073 952 in
2091 914 2152 951 eis

494 987 708 1026 nobilium
733 985 844 1025 filios
867 985 1090 1024 enutriens
1113 989 1155 1022 et
1180 997 1330 1022 norma
1364 982 1572 1032 regularis
1605 980 1861 1033 disciplinae
1883 978 2123 1019 informans
2145 994 2151 1017 :

492 1061 534 1095 et
558 1061 605 1094 ut
629 1054 774 1106 plures
807 1053 988 1093 domino
1020 1052 1174 1092 offerre
1204 1057 1351 1104 posset
1381 1050 1594 1098 alumnos,
1618 1050 1702 1089 iam
1738 1049 1878 1089 factus
1911 1047 2152 1087 monachus

491 1123 667 1176 collegit
699 1122 938 1162 monachos
971 1134 1118 1160 secum
1152 1127 1242 1160 tam
1277 1133 1334 1159 ex
1373 1119 1591 1158 nobilibus
1624 1132 1758 1171 quam
1796 1131 1857 1157 ex-
1886 1116 2151 1169 pauperibus

492 1192 669 1244 pupillis
692 1198 734 1231 et
757 1191 977 1243 orphaniS‚
1001 1202 1170 1228 necnon
1196 1195 1238 1227 et
1272 1188 1468 1240 captivos
1501 1187 1730 1239 tyrannica
1757 1186 1964 1225 servitute
1987 1198 2151 1238 pagan-

491 1276 615 1302 orum
641 1261 829 1301 irretitos
857 1259 1194 1299 misericorditer
1229 1258 1440 1306 liberavit,
1464 1263 1600 1310 utque
1632 1263 1782 1309 pastor
1814 1255 1953 1295 bonus
1986 1254 2152 1294 talenta

493 1331 574 1370 sibi
617 1344 642 1370 a
683 1330 865 1370 domino
908 1328 1073 1368 credita
1117 1327 1302 1367 fideliter
1352 1326 1577 1378 duplicata
1629 1326 1709 1378 ipsi
1752 1338 1889 1365 ovans
1932 1329 2152 1376 reportare

494 1400 670 1440 curavit.
734 1399 925 1440 Omnem
960 1396 1149 1449 denique
1183 1396 1405 1448 regionem
1442 1394 1785 1434 Hibernensium
1817 1399 1861 1433 et
1886 1392 2152 1444 Anglorum2

494 1482 663 1509 necnon
688 1474 731 1508 et
753 1474 1005 1506 exterarum
1036 1465 1263 1506 nationum
1298 1478 1377 1504 suo
1410 1464 1618 1503 instruxit
1651 1462 1859 1515 exemplo
1890 1468 1933 1502 et
1965 1461 2150 1501 erudivit

493 1550 720 1576 sermone:
751 1548 936 1588 quarum
970 1541 1123 1586 gentes
1156 1540 1198 1573 et
1231 1533 1432 1573 nationes
1465 1538 1588 1572 actus
1621 1538 1663 1572 et
1686 1531 1869 1571 virtutes
1898 1530 1990 1570 eius
2013 1543 2151 1582 usque

493 1606 533 1645 in
559 1606 818 1645 hodiernum
843 1604 960 1644 diem
984 1601 1221 1642 honorifice
1242 1608 1504 1642 venerantur
1527 1601 1699 1653 ubique.

582 1675 777 1714 Dimissa
799 1674 930 1725 igitur
953 1678 1052 1724 post
1084 1671 1191 1711 haec
1228 1670 1443 1710 Hibernia
1480 1675 1612 1722 atque
1650 1669 1875 1709 Britannia
1911 1674 1955 1708 et
1989 1667 2149 1708 relictis

492 1743 696 1784 omnibus
730 1742 817 1781 suis
859 1741 1014 1780 beatus
1048 1739 1201 1780 Gildas
1239 1752 1419 1792 peregre
1456 1738 1736 1790 proficiscens
1781 1737 1991 1777 Romam3
2024 1737 2149 1789 petiit

491 1818 743 1852 sanctorum
768 1810 1069 1862 apostolorum
1088 1809 1201 1849 Petri
1221 1815 1263 1848 et
1282 1807 1402 1847 Pauli
1423 1808 1578 1847 merita
1595 1807 1918 1859 deprecaturus,
1932 1812 2149 1859 quatenus

490 1895 640 1922 eorum
665 1880 976 1920 intercessione
1000 1892 1024 1918 a
1049 1878 1244 1918 Domino
1269 1884 1416 1929 posset
1449 1884 1729 1929 peccatorum
1754 1876 1926 1915 veniam
1950 1875 2149 1915 obtinere

490 1958 532 1991 et
566 1952 607 1990 in
644 1950 727 1989 Dei
760 1949 936 1988 servitio
975 1947 1155 1987 firmiter
1188 1960 1464 2000 perseverare
1498 1953 1630 1999 atque
1672 1946 1834 1985 sanctis
1869 1945 2073 1985 omnibus
2106 1945 2147 1984 in

489 2018 666 2059 caelesti
702 2017 844 2069 patria
876 2016 1056 2068 adiungi
1095 2022 1342 2055 mereretur.
1417 2014 1529 2055 Cum
1564 2021 1710 2054 autem
1735 2014 1982 2066 vigiliarum
2016 2019 2149 2065 atque

489 2087 805 2128 matutinorum
827 2085 955 2125 laude
978 2084 1101 2124 finita
1130 2084 1323 2136 quadam
1357 2083 1428 2123 die
1459 2083 1653 2122 diluculo
1685 2082 1740 2122 de
1769 2083 1868 2122 aula
1891 2081 2006 2121 beati
2033 2081 2146 2121 Petri

487 2168 687 2208 egressus
710 2154 862 2194 volens
885 2153 1015 2193 solito
1040 2166 1160 2192 more
1183 2152 1305 2192 exire
1338 2158 1380 2192 et
1413 2157 1656 2191 ceterorum
1680 2151 1871 2191 oratoria
1893 2155 2144 2190 sanctorum

489 2223 733 2264 Romuleae
768 2222 903 2263 Urbis
940 2221 1120 2261 circuire
1161 2227 1204 2261 et
1246 2219 1456 2272 suffragia
1497 2233 1647 2260 eorum
1691 2227 1849 2271 petere,
1881 2219 2067 2259 occurrit
2109 2219 2145 2258 ei

486 2293 667 2347 quidam
691 2292 960 2345 hydropicus
984 2290 1161 2330 inflatus
1184 2290 1367 2330 humore
1384 2289 1506 2329 dirae
1530 2287 1796 2328 infirmitatis
1819 2288 2147 2341 quaerebatque

487 2362 741 2402 alimoniam
776 2360 832 2400 ab
866 2374 929 2401 eo.
992 2360 1072 2400 Cui
1098 2359 1252 2398 beatus
1277 2358 1431 2399 Gildas
1463 2358 1553 2398 ait:
1586 2358 1686 2397 Non
1708 2364 1770 2398 est
1791 2357 1903 2397 milei
1920 2357 2145 2410 quicquam

481 2430 687 2483 pecuniae
744 2430 788 2470 in
845 2429 1054 2478 manibus,
1097 2428 1212 2481 quod
1263 2427 1344 2468 tibi
1384 2427 1547 2480 possim
1590 2427 1725 2468 dare:
1774 2427 1853 2467 sed
1893 2427 1937 2466 in
1980 2426 2148 2466 nomine

487 2499 673 2539 Domini
701 2498 840 2539 nostri
866 2499 962 2538 Iesu
997 2497 1167 2539 Christi
1195 2503 1235 2537 et
1266 2497 1432 2537 meritis
1465 2496 1680 2536 beatormn
1715 2496 1998 2549 apostolorum
2022 2495 2150 2534 Petri

554 2655 566 2676 ¹
592 2656 723 2689 Multa
742 2656 968 2689 monasteria
995 2656 1213 2689 construxit.
1264 2655 1334 2688 We
1360 2654 1455 2688 have
1484 2653 1518 2687 in
1547 2654 1651 2687 these
1680 2653 1798 2687 words
1828 2665 1875 2687 an
1901 2654 1994 2687 echo
2022 2654 2064 2687 of
2084 2655 2146 2688 the

484 2712 620 2747 revival
641 2712 758 2746 which
777 2713 866 2747 took
885 2713 990 2757 place
1010 2711 1045 2745 in
1068 2711 1217 2745 Ireland
1236 2711 1371 2755 during
1390 2711 1452 2745 the
1471 2710 1567 2744 sixth
1586 2718 1750 2754 century.

554 2781 566 2802 ²
591 2782 817 2826 Anglorum.
869 2780 961 2814 This
977 2792 1087 2814 name
1106 2792 1193 2824 may
1210 2780 1256 2814 be
1271 2778 1481 2823 significant
1501 2792 1508 2820 ;
1535 2779 1595 2813 the
1615 2779 1701 2823 only
1720 2790 1830 2812 name
1849 2780 1939 2813 used
1955 2780 2002 2823 by
2016 2779 2146 2814 Gildas

485 2839 636 2873 himself
651 2839 680 2873 is
703 2840 877 2881 Saxones,
896 2839 972 2873 and
990 2839 1078 2872 here
1096 2839 1314 2882 Anglorum
1335 2844 1431 2871 must
1450 2849 1559 2871 mean
1580 2838 1870 2871 Britannorum.

554 2908 568 2928 3
592 2909 749 2941 Romam
768 2909 892 2952 petiit.
944 2909 977 2942 A
1004 2907 1089 2942 visit
1108 2915 1146 2942 to
1174 2909 1294 2941 Rome
1314 2906 1343 2940 is
1363 2918 1404 2940 so
1422 2907 1477 2940 far
1495 2918 1516 2940 a
1535 2913 1616 2950 part
1635 2906 1676 2939 of
1690 2906 1750 2940 the
1777 2917 1950 2940 common
1978 2906 2145 2940 material

485 2966 577 3000 used
604 2966 639 2999 in
660 2977 783 3000 scores
803 2966 844 2999 of
874 2967 985 3009 Vitae,
1005 2966 1083 3000 that
1116 2977 1168 2999 we
1187 2972 1325 2999 cannot
1351 2964 1483 2998 decide
1503 2965 1624 2998 where
1643 2965 1741 2998 truth
1757 2975 1842 3008 may
1861 2965 1906 2998 be
1932 2965 2006 2998 and
2025 2966 2145 2998 where

485 3024 620 3058 fiction.
675 3024 773 3057 Such
799 3036 821 3058 a
848 3023 1069 3068 pilgrimage
1088 3035 1135 3057 on
1155 3023 1217 3057 the
1237 3023 1378 3067 partos
1401 3022 1532 3056 Gildas
1558 3023 1631 3056 late
1659 3021 1694 3055 in
1722 3022 1784 3056 the
1803 3021 1898 3056 sixth
1925 3030 2078 3066 century
2105 3022 2145 3064 is,

485 3090 521 3115 to
541 3094 605 3125 say
624 3083 685 3115 the
705 3083 809 3124 least,
829 3094 916 3126 very
935 3081 1110 3125 unlikely,
1131 3081 1272 3125 though
1285 3092 1387 3114 more
1406 3080 1570 3114 credible
1596 3080 1686 3114 than
1706 3080 1768 3114 the
1788 3081 1989 3124 legendary
2008 3080 2091 3114 visit
2110 3080 2151 3113 of

489 3139 621 3182 David,
644 3140 760 3182 Tcilo,
780 3141 853 3173 and
876 3140 1022 3174 Padarn
1042 3146 1079 3174 to
1097 3139 1315 3184 Jerusalem,
1342 3150 1384 3171 or
1403 3139 1558 3172 Cadoc's
1573 3138 1676 3173 three
1689 3137 1866 3182 journeys
1886 3145 1922 3172 to
1940 3139 2144 3182 Jerusalem

484 3195 558 3230 and
577 3206 688 3228 seven
708 3202 745 3228 to
766 3196 895 3238 Rome,
914 3206 954 3230 as
974 3195 1170 3229 described
1189 3194 1223 3229 in
1244 3195 1305 3229 the
1332 3195 1442 3228 Vitae.

2194 644 2211 672 5

2176 990 2211 1009 10

2174 1340 2208 1369 15

2168 2027 2204 2055 25

2166 2369 2203 2396 30
