2173 3556
45 901 163 929 Malas.
183 900 222 933 xi,
238 903 282 929 28.

46 1030 154 1058 Ezvclz.
185 1029 288 1063 xxxiii,

87 1078 130 1096 11.

46 1119 136 1149 Emi.
155 1119 196 1152 lii,
211 1129 238 1148 2.

45 1308 118 1335 Lm.
140 1317 186 1341 xv,
210 1318 307 1345 15-23.

44 1508 161 1535 Pmlm.
190 1508 291 1541 xxxiii,

43 1717 86 1754 (2)
112 1717 255 1745 Aurelius

90 1756 240 1785 Caninus.

46 1811 119 1839 Gen.
141 1811 211 1843 xlix,
230 1820 256 1847 9.

42 2416 162 2444 l'saln.
184 2417 230 2447 rii,
259 2426 301 2454 13.

42 2548 112 2575 Dm
121 2552 136 2577 ‘.
154 2550 241 2583 xxxii,
256 2560 300 2587 39.

44 2682 69 2708 l:
82 2692 136 2711 ι
157 2684 194 2716 lii,
215 2694 239 2712 2.

335 294 395 338 70
833 279 912 325 De
938 278 1147 325 Excidio
1173 278 1485 324 Bm'lmmz'ac.

333 415 537 454 medium.
601 415 687 456 Sed
734 428 812 454 nec
854 414 998 454 adhuc
1040 415 1233 466 priorum
1281 414 1444 454 retibus
1489 413 1702 452 malorum
1750 411 1987 465 expeditus

331 484 482 535 priscis
505 484 695 523 recentia
717 489 848 536 auget
873 483 1008 522 malis.

419 553 518 604 Age
551 553 636 592 iam
677 551 821 605 <quasi
844 557 1119 604 praesentem
1150 564 1298 602 arguo,
1321 564 1451 603 quem
1476 551 1619 590 adhuc
1651 563 1877 603 superesse
1900 561 1985 587 non

332 621 498 674 nescio>
520 622 624 674 quid
649 628 811 674 stupes,
835 621 1008 660 animae
1031 619 1227 659 carnifex
1251 620 1487 672 propriae?
1549 619 1667 672 Quid
1685 619 1763 659 tibi
1787 618 1988 658 flammas

331 689 484 729 inferni
518 690 761 729 voluntarie
796 689 1000 729 accendis
1038 702 1316 741 nequaquam
1351 688 1631 728 defecturas?
1694 687 1812 740 Quid
1848 687 1987 726 inimi-

329 772 477 798 corum
502 759 595 799 vice
619 759 804 811 propriis
836 764 879 798 te
902 757 1101 797 confodis
1135 764 1293 809 sponte
1327 757 1503 797 ensibus
1527 757 1694 796 hastis?
1727 770 1781 796 an
1818 770 1871 795 ne
1894 757 1989 808 ipsa

329 827 507 879 quidem
542 827 759 867 virulenta
781 826 992 866 scelerum
1017 840 1067 865 ac
1091 826 1123 865 si
1160 826 1317 878 pocula
1340 832 1493 878 pectus
1515 832 1640 865 tuum
1660 825 1818 865 satiare
1840 824 1988 877 quive-

330 901 460 937 runt?
523 897 722 950 Respice,
753 910 928 949 quaeso,
950 903 994 936 et
1023 897 1120 935 veni
1156 896 1210 935 ad
1236 896 1472 945 Christum,
1505 896 1720 949 siquidem
1755 894 1925 935 laboras
1946 900 1989 934 et

331 966 531 1005 inmenso
563 966 756 1018 pondere
789 966 990 1014 curvaris,
1011 971 1055 1004 et
1090 965 1182 1017 ipse
1217 971 1270 1013 te,
1306 971 1352 1004 ut
1386 965 1513 1014 dixit,
1550 964 1800 1017 requiescere
1819 963 1989 1015 faciem

330 1035 427 1074 veni
466 1036 520 1075 ad
559 1048 671 1083 eum,
704 1035 776 1087 qui
815 1048 896 1074 non
933 1034 1028 1074 vult
1053 1034 1283 1086 pec-caloris
1314 1041 1503 1083 mortem,
1531 1034 1608 1074 sed
1638 1040 1688 1074 nt
1717 1039 1990 1073 convertatur

328 1107 369 1140 es
388 1100 536 1150 vival3
568 1101 750 1140 dissolve
781 1101 1021 1140 secundum
1050 1100 1311 1153 prophetam
1345 1100 1517 1140 vincula
1537 1100 1636 1140 colli
1654 1100 1729 1150 tni,
1749 1100 1829 1153 fili
1851 1099 1956 1139 Sion
1980 1113 1988 1149 ;

329 1169 432 1217 redi,
455 1182 573 1221 rogo,
606 1183 629 1209 e
666 1169 916 1221 longinquis
940 1169 1039 1208 licet
1072 1174 1353 1221 peccatorum
1383 1169 1624 1209 recessibus
1653 1169 1708 1209 ad
1742 1169 1986 1222 piissimum

329 1244 513 1289 patrem,
535 1238 607 1290 qui
643 1238 902 1290 despicienti
941 1251 1173 1290 porcorum
1197 1238 1397 1278 sordidos
1430 1238 1550 1277 cibos
1580 1252 1630 1293 ac
1662 1238 1988 1290 pertimescenti

328 1307 448 1346 dirae
486 1307 613 1346 famis
657 1313 856 1355 mortem,
899 1313 941 1346 et
983 1306 1215 1346 revertenti
1250 1306 1337 1346 silai
1377 1307 1517 1347 laetus
1553 1307 1730 1347 occidere
1762 1306 1989 1346 consuevit

328 1376 514 1415 vitulam]
567 1376 655 1415 filio
699 1376 951 1428 saginatum
1000 1383 1042 1415 et
1074 1377 1272 1427 plvfel‘re
1296 1376 1493 1428 primam
1535 1377 1697 1416 erranti
1750 1377 1903 1416 stolam
1946 1384 1988 1416 et

328 1445 494 1496 regium
529 1445 721 1493 anulum,
756 1451 798 1484 et
835 1451 929 1484 tum
969 1445 1061 1496 spei
1094 1445 1293 1484 caelestis
1328 1459 1378 1484 ac
1401 1445 1435 1484 si
1471 1459 1673 1498 saporem
1697 1452 1989 1498 praegustans

328 1515 500 1563 senties,
523 1528 654 1566 quam
677 1513 828 1553 suavis
849 1520 910 1554 est
930 1513 1155 1553 Dominus.
1211 1513 1326 1552 Nam
1346 1514 1380 1553 si
1403 1514 1511 1554 haec
1534 1515 1863 1567 contempseris,
1879 1515 1988 1553 scias

327 1589 369 1622 te
407 1583 785 1623 inextricabilibus
827 1582 1158 1635 tenebrosisque
1195 1583 1362 1635 ignium
1395 1583 1661 1623 torrentibus
1694 1584 1779 1622 iam
1814 1583 1989 1635 iamque

328 1652 482 1691 inferni
508 1652 743 1691 rotandum
768 1652 1083 1704 urendumque.

415 1720 532 1773 Quid
557 1727 602 1761 tu
626 1734 812 1773 quoque,
836 1727 883 1761 ut
909 1721 1125 1773 propheta
1154 1721 1226 1769 ait,
1248 1721 1383 1761 catule
1412 1721 1582 1769 leonine,
1616 1722 1767 1762 Aureli
1792 1722 1989 1771 Canine,1

327 1791 454 1842 agis?
518 1790 678 1829 Nonne
701 1789 870 1838 eodem,
893 1803 980 1842 quo
1003 1803 1133 1844 supra
1167 1790 1322 1837 dictus,
1352 1791 1385 1829 si
1424 1803 1511 1829 non
1535 1791 1831 1830 exitiabiliore
1855 1792 1987 1843 parri-

327 1860 539 1899 cidiorum
576 1859 912 1899 fornicationum
949 1858 1355 1911 adulteriorumque
1392 1873 1541 1908 caeno,
1564 1859 1682 1900 velut
1723 1860 1987 1912 quibusdam

326 1929 504 1968 marinis
547 1928 812 1967 irruentibus
855 1927 933 1967 tibi
975 1928 1142 1967 voraris
1185 1927 1376 1967 feraliter
1408 1929 1567 1969 undis?
1630 1929 1790 1969 Nonne
1832 1943 1986 1982 pacem

325 1998 492 2049 patriae
515 1996 787 2036 mortiferum
812 2010 888 2036 ceu
909 2003 1158 2049 serpentem
1182 1997 1336 2036 odiens
1359 1997 1590 2049 civiliaque
1613 1998 1727 2038 bella
1750 2005 1792 2038 et
1815 1999 1987 2039 crebras

326 2067 484 2106 iniuste
536 2066 722 2118 praedas
774 2066 927 2105 sitiens
979 2066 1154 2105 animae
1206 2072 1308 2105 tuae
1341 2065 1542 2106 caelestis
1575 2074 1725 2118 portas
1775 2069 1895 2119 pacis
1937 2082 1986 2108 ac

326 2135 533 2186 refrigerii
559 2134 836 2186 praecludis?
900 2134 1108 2183 Relictus,
1146 2147 1323 2187 quaesQ
1358 2135 1443 2174 iam
1479 2135 1597 2175 solus
1635 2149 1684 2175 ac
1723 2136 1756 2175 si
1793 2137 1921 2176 arbor
1945 2137 1986 2176 in

326 2203 472 2243 medio
495 2217 652 2256 campo
676 2217 875 2242 arescens
899 2204 1127 2243 recordare
1151 2210 1324 2256 patrum
1349 2203 1621 2257 fratrumque
1644 2210 1818 2245 tuorum
1838 2219 1985 2258 super-

324 2286 505 2312 vacuam
532 2272 797 2321 fantasiam?
820 2273 1053 2312 iuvenilem
1090 2274 1446 2326 immaturamque
1484 2280 1680 2314 mortem.
1746 2275 1863 2314 Num
1888 2290 1986 2315 cen-

325 2341 468 2380 tennis
503 2347 549 2380 tu
588 2340 646 2380 ob
679 2340 881 2393 religiosa
915 2341 1071 2381 merita
1112 2341 1179 2381 vel
1215 2354 1404 2381 coaevus
1448 2341 1728 2382 Mathusalae
1770 2350 1985 2396 exceptus

326 2425 464 2463 paene
499 2411 618 2449 omni
657 2409 778 2462 prole
815 2409 1091 2450 servaberis?
1155 2410 1460 2463 Nequaquam.
1536 2411 1624 2451 Sed
1660 2411 1750 2451 nisi
1778 2412 1905 2452 citius
1938 2419 1985 2452 ut

325 2480 553 2532 psalmista
576 2480 647 2528 ait,
669 2493 893 2519 conversus
908 2479 1050 2528 fueris
1068 2479 1121 2518 ad
1148 2479 1405 2528 Dominum,
1427 2493 1564 2519 ensem
1588 2479 1633 2519 z'n
1667 2487 1705 2520 le
1727 2480 1916 2521 vibrabit
1939 2482 1985 2521 in

324 2549 446 2588 brevi
466 2563 592 2588 sunm
624 2562 701 2588 rex
732 2548 815 2597 ille,
837 2549 911 2600 qui
945 2562 1021 2601 per
1052 2549 1315 2601 prophetam
1346 2562 1428 2600 (gv,
1458 2550 1611 2602 inquit,
1633 2550 1816 2589 occidam
1845 2557 1886 2590 et
1914 2564 1986 2601 ego

325 2618 466 2657 vivere
476 2617 646 2668 faciam
666 2633 683 2665 ,·
706 2617 948 2669 perculiam
971 2624 1011 2657 et
1031 2631 1103 2669 ego
1124 2618 1294 2667 sanabo,
1315 2625 1355 2657 et
1376 2625 1542 2667 nonest,
1563 2618 1642 2670 qni
1659 2619 1708 2658 de
1738 2633 1869 2658 mann
1893 2633 1983 2659 mea

315 2687 451 2739 possit
463 2701 614 2727 ornere.
668 2686 814 2740 Quam
834 2686 891 2726 ob
906 2700 996 2726 rem
1015 2692 1202 2727 excolere
1215 2686 1264 2726 de
1273 2687 1444 2738 fizelido
1453 2686 1633 2739 pulvere
1650 2693 1720 2726 teto
1743 2694 1784 2727 et
1807 2701 1984 2727 conver-

395 2893 402 2912 ¹
432 2893 614 2926 Ana-clius
631 2893 822 2926 Causam.-
849 2894 919 2926 We
938 2893 1033 2926 have
1052 2904 1100 2926 no
1119 2893 1223 2937 place
1250 2892 1465 2927 mentioned
1485 2905 1525 2927 as
1544 2893 1705 2938 forming
1723 2895 1784 2928 the
1803 2894 1982 2939 kingdom

325 2950 365 2983 of
380 2950 450 2984 this
471 2951 605 2994 prince.
662 2952 693 2984 It
714 2962 834 2984 seems
855 2952 1011 2993 natural,
1032 2951 1116 2984 with
1145 2951 1306 2984 Zimmer
1326 2951 1463 2992 (Nem.
1493 2951 1608 2993 l'z'nd„
1623 2964 1654 2996 p.
1676 2952 1772 2996 307),
1793 2959 1829 2986 to
1851 2953 1983 2996 regard

326 3007 409 3041 itas
440 3008 539 3052 lying
570 3009 735 3042 between
758 3009 973 3043 Damnonia
1005 3009 1078 3042 and
1098 3009 1159 3043 the
1183 3016 1268 3042 next
1298 3009 1434 3042 named
1463 3009 1645 3043 Demetia.
1702 3010 1771 3043 His
1801 3010 1981 3054 kingdom

325 3062 441 3105 might
462 3064 538 3095 well
561 3063 706 3097 include
727 3072 826 3108 parts
846 3064 887 3097 of
901 3064 962 3097 the
982 3071 1129 3108 present
1150 3062 1317 3097 enunties
1348 3063 1389 3096 of
1405 3064 1603 3105 somerset,
1625 3065 1854 3107 Gloucester,
1876 3066 1982 3099 Mon—

326 3121 465 3162 mouth,
509 3121 749 3165 (ilsunorgan,
779 3122 853 3155 and
889 3122 1170 3164 Caermarthen,
1202 3122 1374 3166 perhaps,
1404 3121 1489 3155 with
1528 3122 1723 3155 Caerlleon
1759 3123 1981 3167 (ngionum

324 3178 417 3219 urbs
442 3190 482 3211 as
502 3178 646 3222 capital.
700 3179 873 3223 Geofsrey
891 3180 932 3213 of
950 3180 1170 3213 Monmouth
1192 3179 1300 3213 reads
1321 3180 1483 3213 Conane.
1549 3180 1613 3212 Dr.
1635 3181 1751 3214 (luest
1772 3180 1801 3213 is
1821 3181 1980 3216 inclined

324 3242 360 3263 ιω
395 3236 574 3269 conclude
611 3237 687 3269 tliat
725 3237 970 3271 Constantine
1013 3238 1085 3271 and
1122 3237 1292 3271 Aurelius
1329 3238 1458 3271 Conan
1491 3249 1584 3270 were
1627 3238 1688 3271 the
1731 3238 1980 3279 degenerated

2012 553 2071 595 29

2010 1051 2046 1071 10

2011 1725 2072 1769 30

2006 2432 2044 2460 30
