2214 3556
88 741 209 769 Psalm.
230 740 310 774 xlvii,
326 750 349 770 1.

90 2251 162 2285 Λέζς.
182 2250 211 2281 ii,
231 2260 257 2279 2.

92 2323 167 2358 lz'plz.
188 2332 215 2358 r,
236 2332 260 2356 1,
276 2332 302 2352 2.

93 2462 101 2489 i
123 2462 162 2491 la.
182 2461 212 2496 ii,
229 2470 272 2499 15,
294 2471 338 2498 17.

93 2663 154 2690 lah.
176 2663 233 2695 xiv,
253 2673 300 2700 23.

376 260 471 315 364
1036 255 1151 303 Vita
1193 256 1239 303 G
1244 257 1383 303 ildae.

370 406 524 432 omnes
575 393 770 446 quietam
824 405 952 444 agere
1004 393 1152 441 vitam,
1203 392 1387 432 accessit
1430 391 1484 431 ad
1528 391 1630 431 litus
1669 391 1798 431 maris
1841 397 1885 431 et
1931 402 2030 429 cum

369 461 532 501 sanctis
574 460 654 500 sibi
690 460 1029 501 adhaerentibus
1069 459 1168 500 fixis
1200 460 1386 513 genibus
1421 460 1749 500 misericordem
1776 459 2032 505 Dominum,

373 529 446 581 qui
478 528 579 569 facit
621 529 662 569 in
706 529 827 569 caelo
869 535 911 569 et
963 529 1004 568 in
1048 535 1161 568 terra
1197 529 1347 568 omnia
1388 541 1501 581 quae
1548 527 1653 577 vult,
1697 533 1792 568 orat
1834 527 2034 574 devotus,

373 611 644 651 surgensque
709 599 764 638 ab
830 599 1028 638 oratione
1089 598 1391 638 sanctissimus
1444 597 1578 637 homo
1630 596 1850 645 baculum,
1902 607 2034 647 quem

376 680 507 706 manu
551 666 729 715 ferebat,
771 673 910 706 terrae
954 667 1174 719 impressit
1225 673 1269 706 et
1313 666 1373 705 sic
1416 666 1574 706 atrium
1618 665 1683 704 sui
1735 663 1913 704 oratorii
1957 662 2034 702 cir·
2073 675 2090 705 5

373 735 516 776 cuivit.
602 735 638 776 O
673 749 802 788 qnam
851 735 981 775 bonus
1014 749 1065 784 es,
1100 735 1219 775 Dens
1260 734 1408 783 lsrael,
1442 734 1511 774 liis
1552 734 1630 787 qni
1668 733 1751 774 tibi
1785 739 1890 773 recto
1934 738 2037 771 sunt

371 804 524 844 corde!
558 804 852 844 lucidissimus
885 805 1001 844 enim
1026 804 1122 844 fons
1146 803 1200 843 ad
1236 810 1392 844 nutum
1420 803 1501 844 Dei
1537 804 1591 843 de
1629 802 1738 852 loco,
1760 801 1833 842 ubi
1857 806 2035 842 sanctus

373 879 584 921 oraverat,
622 874 811 913 surrexit
857 879 901 913 et
939 873 992 912 ad
1040 872 1364 912 ostendendam
1403 872 1693 912 certissimam
1732 877 1895 911 metam
1938 869 2035 910 atrii

373 948 547 982 secutus
589 948 654 982 est
697 942 882 993 vestigia
923 941 1073 982 sancti.
1138 940 1269 993 Quod
1311 940 1569 981 miraculum
1605 940 1836 980 audientes
1875 937 2036 986 fideles,

372 1010 504 1050 etiam
529 1009 709 1063 quidam
735 1023 871 1062 usque
895 1010 935 1049 in
961 1010 1222 1050 hodiernum
1241 1009 1357 1050 diem
1381 1009 1463 1049 hoc
1487 1015 1714 1048 cernentes
1738 1005 2034 1060 omnipotenti
2058 1019 2093 1039 10

373 1078 580 1128 Domino,
603 1078 676 1131 qui
703 1079 810 1118 mira
839 1092 915 1131 per
937 1085 1112 1118 sanctos
1136 1091 1237 1118 suos
1259 1084 1477 1131 operatur,
1501 1091 1587 1118 non
1613 1077 1816 1117 minimas
1840 1075 2035 1116 referunt

370 1147 532 1188 laudes
1852 1145 1855 1147 ’

459 1215 571 1256 Cum
607 1229 709 1255 vero
744 1215 998 1268 disponeret
1042 1215 1285 1254 misericors
1330 1214 1452 1254 Deus
1489 1220 1532 1254 et
1574 1214 1754 1254 beatum
1794 1212 1975 1254 Gildam
2012 1225 2038 1251 a
2061 1208 2120 1253 28

371 1284 595 1324 laboribus
617 1285 745 1324 huius
779 1284 930 1324 mundi
954 1290 997 1324 et
1029 1284 1250 1323 aerumnis
1287 1284 1473 1323 educere
1495 1289 1538 1323 et
1573 1283 1628 1323 ad
1651 1282 1814 1335 gaudia
1849 1288 2039 1327 aeterna,

372 1367 484 1406 quae
511 1354 796 1406 diligentibus
820 1367 865 1392 se
887 1353 1101 1405 promisit,
1125 1353 1373 1405 perducere,
1396 1366 1472 1405 per
1494 1352 1706 1392 visionem
1731 1350 1977 1404 angelicam
2000 1350 2037 1390 ei
2059 1368 2095 1398 15

371 1423 579 1476 dignatus
616 1429 682 1462 est
708 1422 978 1462 denuntiare.
1041 1421 1246 1474 Quadam
1280 1421 1397 1461 enim
1432 1427 1560 1461 nocte
1591 1434 1690 1461 cum
1729 1425 1844 1460 esset
1877 1419 2039 1471 utique,

370 1498 417 1531 ut
444 1491 614 1544 antiqui
645 1490 877 1539 affirmant,
911 1491 952 1529 in
987 1490 1166 1530 amabili
1194 1490 1275 1530 sibi
1307 1489 1449 1529 insula
1475 1490 1658 1538 Horata,
1682 1489 1755 1528 ubi
1790 1488 1894 1528 olim
1929 1487 2039 1527 heri-

372 1561 567 1601 miticam
611 1560 802 1600 duxerat
847 1560 996 1608 vitam,
1029 1559 1234 1612 apparuit
1268 1559 1306 1599 ei
1350 1560 1390 1599 in
1431 1559 1597 1599 somnis
1635 1558 1817 1611 angelus
1857 1557 2038 1597 Domini

372 1630 521 1670 dicens
548 1645 555 1669 :
609 1629 738 1668 Audi
774 1635 814 1668 et
854 1629 1055 1681 intellege,
1098 1627 1278 1668 Domini
1316 1627 1412 1668 lesu
1455 1627 1622 1669 Christi
1659 1626 1802 1676 amice,
1839 1625 2039 1678 qnoniam

369 1699 596 1739 exaudivit
635 1699 754 1738 Deus
804 1697 1012 1737 orationes
1059 1703 1158 1736 tuas
1197 1703 1238 1736 et
1277 1696 1390 1736 vidit
1429 1696 1633 1736 lacrimas
1673 1702 1778 1736 tuas.
1861 1694 1924 1734 Et
1960 1708 2041 1734 ecce
2059 1716 2097 1736 20

370 1775 517 1808 octava
538 1767 590 1807 ab
612 1766 816 1806 hodierna
837 1766 905 1805 die
934 1766 1097 1805 solntns
1117 1765 1289 1805 sarcina
1310 1765 1454 1805 carnis
1475 1765 1680 1804 videbunt
1698 1763 1914 1816 spiritales
1934 1763 2044 1802 oculi

372 1837 447 1885 tui,
471 1836 584 1889 qnod
600 1843 763 1888 semper
782 1835 834 1875 ab
857 1835 1049 1886 infantia
1071 1834 1358 1874 desiderasti:
1382 1834 1544 1874 videbis
1575 1834 1728 1874 etenim
1753 1833 1797 1873 in
1821 1833 2042 1873 maiestate

371 1921 451 1946 sna
482 1905 767 1946 desideratam
786 1905 951 1957 faciem
986 1904 1171 1944 Domini
1199 1904 1287 1944 Dei
1316 1904 1392 1944 tni.
1459 1903 1676 1958 Confirma
1697 1917 1796 1956 ergo
1816 1902 2042 1955 discifflclos

374 1983 466 2016 tnos
488 1976 532 2015 in
551 1975 638 2014 Dei
657 1975 806 2014 timore
820 1980 860 2014 et
880 1988 1023 2013 amore
1035 1980 1076 2013 et
1096 1973 1260 2013 instrue
1281 1987 1347 2013 eos
1362 1973 1484 2013 solito
1500 1987 1622 2021 more,
1638 1979 1686 2012 nt
1705 1971 1795 2012 eins
1806 1970 2042 2024 praeceptis

371 2043 567 2083 obediant
597 2049 724 2095 atquc
755 2041 946 2094 <Uberibus
981 2042 1182 2081 stndeant
1213 2055 1260 2082 ea
1296 2041 1479 2093 implere,
1507 2047 1556 2080 nt
1587 2041 1649 2080 ad
1668 2040 1838 2092 gandia
1869 2045 2041 2080 aeterna
2060 2059 2096 2087 ²5

373 2127 479 2165 qnae
490 2112 696 2164 promisit
708 2111 877 2163 possint
888 2110 1123 2162 pervenire.

462 2183 598 2221 Facto
636 2181 767 2233 igitur
801 2194 928 2220 mane
966 2180 1220 2220 convocatis
1258 2179 1301 2218 in
1345 2193 1481 2219 unum
1519 2178 1746 2232 discipulis
1779 2178 1895 2217 dixit
1937 2177 1998 2216 eis
2016 2177 2040 2216 :l
2063 2187 2122 2230 29

373 2251 638 2303 “Quoniam
682 2264 776 2303 ego,
820 2250 893 2289 filii
937 2250 1162 2297 carissimi,
1204 2248 1322 2288 viam
1366 2248 1588 2300 ingredior
1627 2247 1851 2288 universae
1894 2253 2041 2295 terrae,

373 2319 551 2359 dissolvi
591 2319 695 2358 mihi
729 2318 924 2371 expedit,
948 2324 995 2357 ut
1026 2317 1171 2357 Deum
1211 2317 1377 2369 possim
1405 2317 1563 2357 videre.
1628 2316 1722 2356 Vos
1756 2316 1888 2368 igitur
1918 2320 2043 2354 estote

374 2389 610 2429 imitatores
632 2388 794 2429 Christi
822 2387 933 2427 sicat
952 2386 1050 2439 filii
1079 2385 1299 2426 carissimi
1326 2392 1365 2426 ct
1391 2385 1606 2426 ambulate
1639 2384 1683 2424 in
1712 2383 1930 2424 dilectione
1954 2383 2041 2423 Dei
2059 2397 2098 2425 30

374 2465 417 2497 et
450 2464 590 2497 estote
613 2470 786 2508 semper
818 2469 1034 2495 memores
1057 2455 1290 2495 verborum
1319 2455 1466 2506 ipsius.
1526 2454 1674 2493 Nolite
1695 2460 1842 2493 autem
1865 2451 2042 2504 diligere

376 2526 585 2566 mundam
621 2540 692 2565 nec
725 2539 783 2574 ea,
816 2539 923 2577 qnae
963 2524 1007 2563 in
1045 2523 1203 2564 mundo
1243 2530 1375 2563 sant:
1422 2522 1610 2563 mmzdns
1649 2522 1762 2562 enim
1805 2520 1967 2560 transit
2003 2526 2044 2560 et

374 2595 701 2647 concupiscentia
723 2595 822 2642 eins,
847 2594 1090 2633 Dominum
1115 2607 1218 2632 vero
1244 2593 1388 2632 Iesum
1405 2592 1629 2633 Christum
1645 2597 1688 2630 et
1703 2590 1795 2629 eius
1818 2601 2040 2628 sermones

376 2671 470 2704 toto
486 2664 619 2703 corde
641 2664 822 2715 diligite,
844 2663 1061 2716 quoniam,
1079 2663 1172 2714 ipse
1189 2662 1305 2701 dixit
1324 2676 1331 2700 :
1386 2661 1444 2701 Si
1461 2659 1558 2712 quis
1571 2659 1722 2711 diligit
1744 2672 1818 2707 me,
1831 2670 2042 2697 sermones

378 2747 485 2773 meos
507 2733 696 2772 servabit
715 2739 755 2772 et
774 2746 845 2785 ego
862 2732 1044 2784 diligam
1066 2745 1160 2771 enm
1182 2737 1221 2770 et
1243 2728 1523 2782 atzaazffestabo
1543 2728 1586 2768 ei
1605 2742 1668 2768 me
1690 2727 1839 2779 ipsum.
1882 2725 2041 2766 Videte
2061 2739 2098 2769 35

378 2802 536 2853 itaque,
574 2802 799 2850 carissimi,
835 2814 968 2853 quam
1004 2813 1214 2853 magnum
1258 2798 1502 2851 praemium
1540 2804 1583 2837 et
1621 2809 1754 2849 quam
1792 2795 2038 2848 optandum

452 3046 463 3066 ¹
493 3047 602 3080 DAz-it
618 3048 677 3080 eis.
735 3048 764 3081 It
781 3047 810 3081 is
825 3047 979 3081 difficult
993 3054 1029 3082 to
1045 3046 1178 3081 refrain
1198 3047 1291 3080 from
1309 3044 1522 3088 remarking
1533 3044 1612 3078 that
1628 3043 1700 3078 this
1716 3042 1884 3085 addreSS,
1898 3041 2040 3085 though

380 3105 424 3138 its·
461 3105 710 3148 genuineness
745 3117 813 3139 can
846 3105 881 3139 in
916 3117 964 3139 no
997 3117 1075 3149 way
1103 3106 1148 3139 be
1176 3103 1417 3143 maintained,
1438 3114 1632 3147 possesses
1658 3114 1680 3135 a
1710 3108 1850 3144 strong,
1870 3099 2042 3143 vigorous

388 3164 579 3196 character
598 3163 676 3196 that
695 3170 831 3197 arrests
849 3163 1119 3197 ourattention.
1158 3164 1239 3196 One
1260 3161 1288 3195 is
1308 3161 1475 3205 tempted
1490 3167 1527 3194 to
1547 3172 1611 3204 say
1624 3159 1704 3194 that
1723 3158 1748 3193 it
1768 3157 1809 3201 is,
1828 3163 1933 3202 apart
1945 3157 2039 3190 from

392 3221 451 3253 the
472 3219 634 3263 peculiar
652 3220 933 3262 circumstance,
952 3220 1052 3264 quite
1071 3220 1260 3254 “modern
1274 3221 1290 3235 '³
1311 3219 1345 3253 in
1365 3226 1464 3254 tone.
