2214 3556
101 794 201 821 ‚Isim-c.
222 791 261 824 xi.
281 801 326 828 ²4·

116 2443 166 2471 Px.
186 2443 277 2477 cxliv,
297 2445 342 2473 18.

346 257 370 301 3
381 257 442 302 30
1014 238 1130 287 Vita
1159 239 1347 286 Gildae.

436 378 682 418 Habitabat
724 384 870 418 autem
909 377 1130 430 praefatus
1176 370 1530 415 Hildutus'cum
1573 372 1798 426 discipulis
1835 373 1923 412 suis
1958 372 2052 418 in4

346 448 538 499 quadam
562 453 656 487 arta
681 452 724 487 et
751 452 939 500 angusta
972 444 1160 485 insulula
1192 450 1324 496 atque
1356 443 1494 483 arenti
1528 441 1622 482 solo
1655 441 1866 495 squalida.
1930 439 2002 480 Ad

347 529 478 568 quem
518 515 589 556 die
623 517 815 569 quadam
851 515 1064 555 accedens
1102 514 1257 554 beatus
1292 526 1399 566 puer
1434 512 1588 553 Gildas
1629 525 1729 551 eum
1768 511 2005 564 alloquitur

348 585 524 624 dicens:
560 584 736 624 Domne
766 585 932 632 doctor,
955 583 1101 622 audivi
1134 589 1176 622 te
1210 595 1348 634 nuper
1379 595 1435 621 ex
1459 579 1692 632 euangelio
1715 579 1847 619 verba
1869 578 2004 618 nostri

350 653 579 693 salvatoris
612 653 954 706 praedicantem,
982 652 1022 691 in
1056 652 1214 704 quibus
1247 650 1489 703 discipulos
1522 649 1804 698 admonebat,
1827 655 1872 688 ut
1907 661 2004 688 cum
2046 658 2063 688 5

351 722 436 763 fide
459 736 483 762 a
507 723 604 762 Deo
627 736 677 762 ea
700 735 812 774 quae
835 721 916 761 sibi
939 727 1063 761 erant
1086 720 1209 761 utilia
1238 726 1450 774 peterent,
1473 725 1516 759 et
1538 719 1641 771 quia
1664 717 1849 758 fideliter
1871 717 2009 770 petita

351 788 570 840 accepturi
590 794 747 836 essent,
765 788 915 827 dicens
933 803 940 827 :
963 787 1105 828 Amen
1119 788 1209 828 dico
1226 787 1369 836 vobis,1
1387 785 1593 840 quicquid
1604 791 1772 826 orantes
1783 783 2010 837 petieritis,

351 856 504 896 credite
524 856 627 909 quia
654 855 875 908 accipietis,
896 862 936 895 et
950 856 1035 909 fiet
1054 855 1179 896 vobis.
1244 856 1283 895 N
1291 869 1373 896 unc
1406 869 1522 908 ergO,
1545 856 1711 907 optime
1749 855 1913 902 doctor,
1936 866 2011 892 cur

355 939 440 965 non
476 938 602 977 rogas
636 925 778 977 ipsum
815 925 1058 964 Dominum
1094 931 1291 965 nostrum
1328 925 1473 964 Iesum
1499 925 1734 973 Christum,
1757 922 1830 976 qui
1853 929 2011 975 potens

354 998 420 1031 est
463 997 684 1043 praestare
727 997 885 1030 cuncta
927 1004 1039 1043 quae
1078 989 1262 1031 fideliter
1303 991 1359 1031 ab
1400 1006 1452 1032 eo
1504 997 1725 1044 petuntur,
1767 997 1814 1030 ut
1857 989 2012 1029 dilatet
2033 1001 2069 1021 10

355 1061 566 1100 terminos
609 1066 741 1112 atque
774 1059 1042 1100 fructiferam
1086 1061 1241 1101 reddat
1273 1060 1401 1101 huius
1435 1060 1602 1100 insulae
1635 1059 1846 1112 glebam?
1898 1058 2010 1099 Cum

355 1127 462 1167 haec
486 1127 617 1179 igitur
639 1127 834 1166 audisset
866 1126 1020 1166 beatus
1053 1126 1278 1176 HildutuS,
1302 1128 1544 1167 admiratus
1578 1126 1707 1166 fidem
1743 1126 1879 1178 ipsiu-s
1911 1138 2013 1164 con-

353 1196 520 1236 vocatis
554 1195 595 1234 in
630 1208 765 1234 unum
794 1195 1018 1248 discipulis
1050 1196 1290 1235 oratorium
1324 1209 1423 1235 cum
1453 1196 1514 1236 eis
1549 1195 1790 1248 ingreditur
1822 1200 1864 1234 et
1887 1193 2014 1232 flexis

354 1265 394 1304 in
429 1271 589 1304 terram
624 1263 810 1316 genibus
842 1264 1128 1317 extensisque
1161 1264 1363 1304 manibus
1402 1265 1442 1304 in
1481 1263 1649 1304 caelum
1688 1277 1787 1303 cum
1825 1261 2015 1302 lacrimis

353 1333 492 1373 oravit
525 1333 703 1372 dicens:
757 1332 942 1372 Domine
981 1332 1078 1372 lesu
1120 1332 1298 1381 Christe,
1328 1332 1423 1373 Fili
1474 1333 1562 1373 Dei
1599 1331 1908 1384 omnipotentis,
1942 1329 2071 1382 qui15

353 1417 447 1442 cum
469 1402 606 1442 Patre
627 1408 667 1442 et
690 1402 861 1454 Spiritu
887 1402 1046 1442 Sancto
1066 1403 1227 1442 caelum
1259 1408 1299 1442 et
1320 1409 1492 1451 terram,
1516 1416 1635 1442 mare
1665 1408 1705 1442 et
1733 1401 1879 1442 omnia
1911 1413 2018 1453 quae

356 1473 401 1512 in
433 1472 493 1513 eis
525 1478 637 1520 sunt,
665 1485 760 1511 cum
793 1486 874 1511 non
906 1478 1052 1520 essent,
1083 1471 1323 1522 condidisti,
1353 1471 1508 1524 quique
1539 1472 1627 1511 tuis
1655 1470 1864 1525 fidelibus
1889 1476 2017 1522 prae-

356 1540 512 1593 cepisti,
535 1546 584 1579 ut
604 1540 745 1579 Deum
778 1539 958 1579 Patrem
991 1539 1035 1580 in
1069 1546 1138 1579 tuo
1171 1539 1338 1580 nomine
1359 1547 1553 1592 peterent
1572 1540 1780 1593 quicquid
1804 1538 1890 1579 sibi
1917 1552 1938 1577 o
1969 1551 2020 1576 us

355 1615 459 1650 esset
499 1615 539 1648 et
578 1622 722 1649 eorum
763 1609 916 1661 petitio
963 1609 1026 1649 ad
1071 1608 1260 1661 effectum
1303 1610 1576 1662 procederet:
1627 1616 1698 1649 tuo
1737 1608 1929 1662 equidem
1973 1607 2017 1646 in

357 1678 526 1718 nomine
563 1678 860 1731 omnipotentis
895 1679 1083 1718 Domini
1116 1678 1398 1731 imploramus
1437 1679 1714 1727 clementiam,
1748 1686 1797 1718 ut
1835 1675 2021 1717 dilatari
2039 1687 2076 1707 20

346 1756 430 1801 per
468 1755 506 1789 te
547 1748 690 1788 iubeat
730 1748 933 1787 terminos
974 1747 1141 1788 insulae
1187 1748 1318 1788 liuius
1367 1754 1493 1801 atque
1530 1748 1814 1800 fertilitatem
1857 1747 2022 1798 inferat

349 1817 496 1871 glebae
536 1816 636 1866 eius,
679 1823 728 1856 ut
767 1816 885 1856 nobis
924 1816 1061 1856 servis
1110 1816 1198 1856 tuis
1238 1822 1363 1869 atque
1403 1817 1706 1857 successoribus
1747 1815 1905 1856 nostris
1946 1821 2021 1854 tua

358 1886 449 1938 larg
459 1885 565 1924 iente
589 1884 743 1937 gratia
773 1884 1046 1925 abundanter
1075 1885 1240 1925 cibaria
1271 1884 1559 1934 administret,
1591 1891 1639 1925 ut
1667 1884 1823 1925 satiati
1851 1884 1901 1924 de
1931 1883 2021 1924 tuis

359 1954 481 1994 donis
514 1953 691 2006 gratias
732 1954 972 2005 referamus
1013 1955 1179 1994 nomini
1218 1955 1298 2004 tuo,
1339 1954 1417 2007 qui
1454 1969 1547 1995 cum
1589 1955 1726 1994 Patre
1765 1961 1805 1994 et
1848 1953 2021 2006 Spiritu

363 2024 522 2064 Sancto
543 2023 659 2063 vivis
679 2029 719 2062 et
747 2037 900 2076 regnas
911 2030 995 2075 per
1015 2023 1189 2077 infinita
1210 2024 1483 2064 saeculorum.
1547 2024 1750 2076 Cumque
1775 2023 2020 2076 respondis-
2042 2038 2079 2067 25

363 2099 460 2133 sent
483 2106 636 2132 omnes
662 2093 814 2141 Amen,
837 2093 999 2144 egressi
1031 2092 1086 2132 ab
1110 2093 1301 2133 oratorio
1324 2093 1476 2133 vident
1504 2093 1734 2133 dilatatam
1769 2106 1863 2132 esse
1896 2091 2021 2131 undi-

363 2175 449 2214 que
473 2161 658 2201 insulam
683 2168 815 2214 atque
838 2168 1094 2201 vernantem
1127 2162 1168 2201 in
1203 2162 1383 2202 circuitu
1417 2162 1600 2202 diversis
1632 2162 1797 2201 olerum
1833 2161 2021 2201 floribus

366 2231 492 2270 Tunc
516 2230 672 2270 iterum
697 2230 928 2270 revertitur
949 2230 1004 2270 ad
1034 2231 1274 2271 oratorium
1299 2231 1454 2279 senior,
1476 2237 1520 2271 et
1550 2244 1653 2283 prae
1676 2230 1839 2283 gaudio
1862 2229 2026 2270 effusus

366 2300 407 2339 in
446 2299 635 2339 lacrimis
678 2313 764 2338 una
806 2312 905 2339 cum
949 2299 1201 2340 venerando
1244 2299 1560 2353 discipulorum
1604 2313 1737 2353 grege
1774 2299 1890 2339 clara
1921 2312 2028 2339 voce

366 2369 555 2420 hymnos
612 2381 897 2421 summasque
944 2368 1095 2408 laudes
1143 2382 1287 2409 rerum
1344 2369 1542 2409 omnium
1595 2369 1779 2410 creatori
1833 2369 2028 2410 Domino
2047 2379 2086 2408 30

368 2437 588 2485 decantat,
611 2437 683 2489 qui
700 2444 829 2490 prope
849 2437 970 2477 adest
990 2437 1186 2477 omnibns
1208 2437 1504 2478 invocantibus
1525 2453 1567 2478 se
1590 2438 1634 2478 in
1659 2438 1848 2478 veritate.

368 2682 524 2727 implies,
537 2694 578 2717 as
593 2694 667 2717 was
686 2683 747 2718 the
760 2684 843 2726 fact,
863 2684 941 2718 that
957 2684 1017 2718 the
1037 2683 1252 2729 episcopate
1271 2685 1312 2718 of
1328 2685 1417 2718 Paul
1436 2685 1636 2720 continued
1655 2685 1717 2719 the
1736 2684 1797 2718 old
1816 2683 2031 2728 episcopate

368 2740 408 2772 of
434 2740 620 2774 Ossismes.
674 2741 756 2774 One
791 2741 832 2774 of
861 2741 923 2775 the
957 2742 1128 2775 civitates
1163 2742 1379 2777 mentioned
1414 2741 1449 2776 in
1479 2743 1541 2777 the
1572 2743 1721 2776 Nolitia
1749 2742 1963 2776 Galliarum
1991 2752 2031 2774 as

368 2798 571 2842 belonging
602 2798 638 2832 in
668 2799 731 2832 the
750 2799 829 2832 fifth
857 2807 1012 2843 century
1031 2807 1068 2833 to
1097 2801 1363 2845 Lugdunenses
1389 2802 1501 2834 tertia
1532 2802 1584 2844 (30
1605 2800 1831 2844 Lyonnaise)
1851 2800 1880 2834 is
1898 2801 2033 2833 civitas

373 2857 635 2899 Ossismorum,
655 2857 729 2890 and
763 2858 813 2891 M.
842 2858 1045 2892 Duchesne
1074 2858 1169 2892 finds
1200 2859 1280 2893 that
1310 2858 1335 2893 it
1366 2871 1441 2893 was
1460 2871 1481 2893 a
1511 2860 1787 2893 Gallo-Roman
1820 2859 1889 2893 See
1915 2858 1948 2891 in
1969 2859 2032 2892 the

370 2925 456 2956 year
475 2922 552 2956 453.
605 2914 686 2947 The
716 2926 796 2948 new
815 2914 885 2957 life,
906 2915 1087 2958 however,
1109 2917 1246 2950 Breton
1268 2917 1303 2950 in
1334 2918 1537 2959 character,
1558 2917 1676 2951 which
1697 2917 1721 2951 it
1751 2917 1903 2951 entered
1922 2928 2032 2960 upon,

370 2971 476 3004 when
498 2972 586 3005 Paul
600 2972 775 3006 Aurelian
788 2973 942 3007 became
955 2973 1100 3018 bishop,
1120 2981 1183 3008 not
1198 2974 1298 3019 quite
1317 2982 1353 3009 at
1367 2976 1428 3009 the
1448 2976 1509 3009 old
1529 2982 1618 3018 seat,
1638 2976 1702 3010 but
1716 2974 1840 3009 within
1856 2975 1918 3009 the
1933 2975 2034 3008 walls

372 3029 412 3061 of
436 3028 491 3062 his
511 3041 592 3062 own
613 3038 827 3074 monastery
845 3038 882 3065 at
904 3031 1016 3075 Leon,
1033 3033 1170 3066 caused
1190 3033 1251 3067 the
1270 3045 1380 3067 name
1399 3041 1436 3068 to
1454 3035 1500 3068 be
1519 3034 1690 3078 changed
1709 3033 1786 3068 into
1804 3034 1866 3068 the
1886 3039 2035 3078 present

373 3097 453 3128 one,
485 3087 820 3122 Stael'ol-de-Leon.
873 3089 955 3123 The
983 3101 1094 3124 name
1116 3091 1259 3125 Osismi
1283 3091 1313 3126 is
1337 3092 1452 3126 found
1480 3093 1583 3126 three
1608 3091 1716 3126 times
1741 3091 1776 3126 in
1797 3092 1953 3126 Caesar’s
1979 3091 2038 3125 De

375 3145 477 3177 Bello
505 3145 658 3187 Gallica,
688 3147 763 3181 and
794 3147 1022 3192 Pomponius
1057 3149 1157 3184 Mela
1182 3149 1246 3193 (iii,
1274 3151 1310 3190 6)
1338 3151 1529 3186 describes
1560 3152 1622 3186 the
1651 3150 1769 3185 island
1798 3152 1896 3185 Sena
1923 3162 1963 3184 as
1997 3151 2037 3184 in

374 3199 594 3233 Britannico
613 3202 723 3244 mari,
747 3202 938 3237 Osismicis
951 3204 1111 3238 adversa
1128 3205 1309 3240 litoribus.
