2204 3556
540 249 829 313 References
853 257 901 298 to
930 250 1107 298 Gz'ldas
1134 251 1185 297 z'Jc
1212 252 1431 297 Ancz'enl
1468 252 1536 298 W
1532 253 1694 299 riters.
1855 266 1950 312 417

287 387 395 421 simul
414 387 650 431 fertilissima,
669 388 735 422 sed
754 399 827 421 non
853 387 1006 421 omnino
1023 386 1096 420 vini
1124 387 1225 421 ferax
1243 388 1431 426 <Bacchus
1457 388 1557 422 enim
1583 400 1657 422 non
1684 396 1784 422 amat
1810 388 1953 432 frigus),

286 444 373 489 quia
400 445 433 479 vi
464 444 671 490 acquilonis
699 444 815 479 nimia
843 443 1121 488 constringitur,
1152 445 1245 477 haec
1277 444 1398 488 igitur,
1435 445 1547 479 tantis
1578 445 1739 479 enutrita
1768 445 1886 486 bonis,
1914 452 1952 478 ut

287 503 403 536 herba
433 510 602 547 tempore
633 503 765 537 florum
795 501 914 547 primo
946 501 1088 543 crevit3
1116 502 1181 536 sed
1209 514 1305 545 mort,
1333 510 1369 536 ut
1398 515 1507 546 seges
1531 515 1625 547 quae
1652 515 1842 546 nunquam
1868 504 1952 547 gelu

286 561 466 605 promitur
499 561 588 603 (cito
622 559 723 594 enim
757 568 928 594 caumate
963 566 1090 593 exorto
1132 559 1259 593 omnia
1294 559 1427 594 nociva
1461 572 1556 605 quae
1590 561 1714 604 fruges
1754 560 1953 603 ruminent,

284 619 435 662 emittit>
461 630 664 653 zes-anlam
683 630 886 663 semenque
905 626 1147 662 tyrannorum
1167 618 1297 663 genuit
1312 619 1539 663 pestiferum.
1578 619 1644 653 Cui
1663 619 1728 653 soli
1744 619 1953 653 fecunditas

284 678 445 719 suberat,
480 685 517 712 et
553 677 712 711 Sabrina
742 684 777 711 et
812 677 957 711 Tamen
992 676 1092 710 fluvii
1129 689 1194 721 per
1229 678 1342 721 plana
1384 677 1508 711 diffusi
1548 689 1591 711 ac
1634 689 1699 721 per
1741 685 1952 721 opportuna

284 733 403 768 divisi.
454 734 679 778 Augmentis
706 733 887 768 ubertatis
914 733 1239 777 impendebantur.
1308 733 1408 768 Hinc
1428 734 1627 768 universae
1647 734 1803 778 regioni,
1822 735 1953 768 foedae

283 790 466 833 libidines,
487 791 668 834 idolatria,
697 790 903 835 sacrilegia,
935 791 1042 834 furta,
1074 791 1268 833 adulteria,
1297 791 1468 836 periuria,
1496 791 1698 825 homicidia
1732 799 1767 826 et
1803 799 1950 826 ceterae

282 849 455 883 vitiorum
482 850 643 893 soboles,
670 850 804 894 quibus
831 861 943 883 omne
970 850 1177 883 humanum
1208 861 1327 893 genus
1356 850 1512 894 obligari
1542 851 1647 893 solet,
1682 851 1890 893 adolevere,
1910 858 1945 884 et

284 919 331 941 ne
361 907 441 941 eius
472 907 627 952 antiqua
657 906 875 952 profundius
900 914 1069 952 repetam
1094 907 1276 951 facinora,
1296 907 1357 953 qui
1389 909 1483 942 haec
1510 908 1655 953 plenius
1681 908 1774 943 scire
1799 909 1953 943 voluerit

284 966 385 1009 legat
411 973 584 1000 sanctum
611 966 785 1010 Gyldam,
805 965 867 1011 qui
895 966 941 1000 de
968 965 1048 1000 eius
1074 965 1144 1001 situ
1171 974 1207 1000 et
1233 966 1466 1000 habitatione
1493 966 1672 1009 scribens,
1693 975 1728 1001 et
1751 967 1829 1001 eius
1856 967 1951 1002 mira

282 1023 318 1057 in
351 1024 501 1059 Christo
528 1025 773 1059 conversione
800 1024 1003 1070 statimque
1031 1025 1102 1060 ritu
1129 1037 1248 1070 paene
1276 1025 1462 1070 paganico
1496 1025 1733 1071 apostatione
1760 1033 1795 1060 et
1822 1026 1951 1061 divina

281 1082 487 1127 lugubriter
513 1082 682 1118 insecuta
707 1083 847 1118 ultione
873 1091 909 1118 et
936 1083 1014 1117 eius
1050 1084 1193 1126 iterum,
1220 1095 1267 1118 ne
1294 1083 1442 1128 penitus
1474 1083 1509 1118 in
1540 1084 1704 1118 favillam
1738 1092 1774 1118 et
1809 1086 1952 1119 cineres

281 1141 521 1186 redigeretur,
541 1141 792 1185 miseratione,
820 1143 937 1176 multa
963 1141 1041 1176 eius
1060 1141 1206 1176 actibus
1226 1153 1392 1185 congrua
1410 1143 1506 1176 bene
1525 1149 1561 1176 et
1580 1141 1955 1186 irreprehensibiliter

280 1199 455 1244 disputat.
510 1201 617 1234 Haec
643 1207 769 1234 autern
787 1200 979 1245 quondam
1006 1199 1126 1245 patria
1146 1200 1366 1245 Cyclopum,
1385 1212 1484 1234 nunc
1502 1212 1590 1234 vero
1614 1199 1746 1243 nutrix,
1766 1207 1804 1234 ut
1822 1201 1946 1243 fertur,

283 1265 527 1302 tyrannorum
556 1258 692 1293 divinis
723 1270 798 1292 non
825 1259 941 1293 multa
966 1270 1048 1293 raro
1075 1258 1137 1292 diu
1156 1257 1306 1302 quievit,
1327 1265 1477 1303 propter
1504 1270 1571 1293 sua
1592 1265 1759 1303 peccata,
1781 1258 1950 1302 flagellis.

279 1318 354 1351 Aut
382 1316 481 1350 enim
505 1316 644 1351 crebris
672 1316 835 1351 hostium
864 1317 1130 1362 irruptionibus
1157 1325 1220 1351 aut
1252 1317 1388 1351 civium
1416 1317 1511 1352 inter
1537 1329 1576 1351 se
1604 1316 1763 1351 invicem
1789 1329 1946 1351 concus-

280 1374 448 1408 sionibus
482 1382 545 1409 aut
575 1375 673 1410 fame
712 1382 819 1420 peste
868 1375 995 1419 gladio
1029 1375 1245 1421 morbisque
1280 1375 1463 1410 insectata
1496 1375 1698 1418 acerrimis,
1734 1375 1800 1409 sed
1834 1376 1945 1419 longe

277 1433 326 1467 ab
355 1432 463 1467 huius
493 1445 642 1478 quoque
669 1433 836 1468 moribus
867 1445 1021 1478 parvam
1049 1434 1212 1468 distasse
1239 1435 1408 1468 sobolem
1440 1446 1546 1468 suam
1574 1446 1648 1467 non
1676 1433 1819 1478 opinor,
1849 1445 1946 1479 quae

279 1492 472 1536 quondam
511 1491 652 1526 ratibus
690 1492 739 1526 ad
775 1492 885 1526 istam
924 1493 1081 1527 devecta
1123 1500 1189 1535 est,
1228 1492 1320 1526 citra
1354 1504 1456 1526 mare
1493 1491 1761 1534 Britannicum,
1796 1499 1944 1534 terrani,

276 1557 444 1594 tempore
458 1562 532 1584 non
549 1550 621 1584 alio
635 1562 708 1596 quo
723 1562 817 1595 gens
836 1551 995 1585 barbara
1011 1551 1163 1593 dudum,
1179 1563 1314 1595 aspera
1331 1550 1405 1585 iam
1420 1550 1544 1593 armis,
1558 1551 1724 1584 moribus
1743 1550 1945 1584 indiscreta

278 1609 468 1642 Saxonum
486 1616 696 1642 maternum
716 1608 883 1653 possedit
896 1609 1086 1654 cespitem.
1130 1609 1229 1643 Hinc
1249 1621 1288 1643 se
1307 1621 1394 1643 cara
1413 1609 1562 1643 soboles
1582 1608 1617 1642 in
1634 1608 1744 1642 istum
1762 1608 1943 1643 conclusit

275 1665 397 1700 sinum
425 1678 498 1711 quo
525 1678 564 1700 se
590 1674 671 1701 tuta
697 1668 789 1709 loco,
810 1667 957 1712 magnis
984 1667 1174 1702 laboribus
1200 1668 1309 1710 sessa,
1329 1668 1377 1701 ad
1403 1679 1507 1702 orani
1532 1668 1718 1701 concessit
1746 1667 1825 1701 sine
1844 1668 1942 1702 bello

273 1724 409 1769 quieta,
428 1724 571 1758 interea
597 1724 828 1768 miserorum,
855 1725 916 1770 qui
946 1734 1114 1759 materna
1142 1725 1357 1760 incolebant
1384 1737 1482 1769 rura,
1510 1734 1616 1770 peste
1647 1726 1758 1759 foeda
1790 1733 1942 1770 repente

272 1790 410 1826 exorta,
423 1783 641 1817 catervatim
660 1790 696 1818 et
718 1784 861 1829 absque
880 1796 1035 1818 numero
1061 1791 1096 1818 et
1115 1785 1259 1829 absque
1279 1785 1469 1829 sepultura
1488 1784 1702 1818 miseranda
1725 1791 1940 1818 sternuntur

272 1853 438 1886 corpora,
469 1848 505 1876 et
532 1842 602 1876 hac
631 1843 689 1876 lue
720 1854 858 1886 magna
888 1854 933 1876 ex
962 1850 1067 1887 parte
1094 1842 1248 1888 antiqua
1275 1843 1465 1876 desolatur
1491 1841 1620 1887 patria.
1689 1842 1935 1885 Tandemque

271 1899 378 1944 pauci
405 1907 441 1934 et
467 1901 583 1934 multo
617 1900 736 1945 pauci,
771 1901 833 1946 qui
861 1900 919 1934 vix
945 1901 1147 1946 ancipitem
1174 1900 1394 1945 effugissent
1428 1901 1607 1945 gladium,
1646 1908 1708 1935 aut
1746 1900 1934 1935 Scoticam

271 1956 441 2002 quamvis
468 1957 670 2001 inimicam,
689 1965 751 1992 aut
782 1958 973 2003 Belgicam
1000 1960 1163 1993 natalem
1194 1967 1319 1993 autem
1346 1958 1535 2003 propriam
1563 1958 1785 2002 linguentes,
1813 1959 1931 1993 coacti

276 2015 411 2050 acriter
429 2015 591 2050 alienam
611 2016 774 2060 petivere
793 2023 940 2051 terram.

357 2169 394 2209 6.
429 2169 536 2210 Vita
573 2171 616 2212 S.
651 2171 774 2211 Pauli
811 2171 1064 2219 Leonensis,
1102 2172 1143 2210 in
1177 2171 1388 2211 Analecta
1429 2170 1732 2219 Bollandiamz,
1767 2185 1805 2223 p.
1842 2181 1936 2221 215,

271 2235 442 2274 written
476 2237 519 2275 in
552 2237 627 2276 the
658 2251 763 2290 year
795 2239 880 2288 <⁸584
901 2237 961 2290 by
983 2238 1317 2286 WVermonocus,
1340 2251 1365 2277 a
1387 2236 1570 2289 disciple
1602 2236 1652 2276 of
1680 2237 1933 2277 Uurdisten.

271 2303 387 2343 Both
412 2311 575 2345 master
596 2306 683 2345 and
706 2306 891 2358 disciple
914 2320 987 2346 are
1010 2306 1104 2346 well
1138 2307 1403 2358 acquainted
1429 2305 1531 2345 with
1564 2305 1639 2345 the
1668 2305 1735 2345 De
1755 2304 1936 2344 Excidio

269 2372 320 2412 of
337 2372 501 2413 Gildas.
566 2375 624 2414 M.
649 2375 854 2415 Cuissard
890 2375 1064 2428 printed
1097 2375 1172 2415 the
1204 2388 1325 2415 same
1362 2374 1466 2415 Vita
1489 2374 1599 2414 from
1630 2374 1815 2414 another
1839 2374 1934 2415 MS.

269 2442 312 2480 in
336 2442 410 2482 the
427 2442 576 2483 Revzte
595 2443 792 2497 Celtz'qzte,
807 2444 889 2484 vol.
908 2459 943 2484 v.
1000 2445 1040 2484 It
1062 2444 1142 2483 has
1165 2445 1275 2484 been
1299 2442 1514 2483 surmised
1537 2443 1634 2483 that
1656 2443 1779 2483 these
1802 2443 1936 2484 MSS.

268 2523 393 2550 came
435 2511 545 2551 from
590 2513 806 2565 Britanny
848 2520 894 2553 to
938 2514 1111 2566 Fleury,
1154 2512 1240 2552 and
1290 2512 1387 2553 that
1439 2513 1513 2552 the
1565 2526 1694 2552 name
1740 2512 1937 2552 Ormesta

271 2582 332 2632 (z
348 2582 497 2622 Welsh
523 2583 728 2637 Comes),
744 2585 778 2623 is
802 2584 936 2624 found
962 2584 1053 2623 also
1076 2584 1254 2636 applied
1280 2590 1325 2623 to
1348 2583 1421 2623 the
1436 2583 1663 2623 Historiae
1684 2584 1734 2623 os
1751 2583 1934 2624 Orosius

267 2649 459 2703 through
481 2651 556 2691 the
579 2652 797 2692 influence
818 2653 869 2693 of
884 2667 909 2693 a
933 2653 1095 2705 Fleury
1120 2652 1215 2693 MS.
1239 2652 1289 2692 of
1317 2652 1412 2693 that
1436 2652 1566 2693 work.

339 2742 519 2775 Sanctum
541 2743 696 2777 Paulum
724 2743 827 2777 cuius
853 2744 901 2777 de
919 2743 995 2777 vita
1021 2769 1172 2777 .....
1203 2743 1458 2788 Sanctumque
1479 2742 1641 2777 Devium
1660 2742 1721 2788 qui
1749 2770 1932 2777 ......

267 2805 518 2842 cognomento
536 2799 731 2834 dicebatur
742 2800 960 2845 Aquaticus.
1007 2800 1130 2845 Atque
1146 2800 1369 2834 Samsonem
1388 2807 1558 2834 sanctum
1579 2799 1793 2844 pontificem
1819 2827 1826 2834 .

268 2853 350 2886 Nec
388 2865 464 2887 non
494 2860 530 2888 et
565 2855 744 2888 Sanctum
778 2855 951 2899 Gyldam,
990 2855 1093 2889 cuius
1127 2854 1405 2899 sagacitate-(m)
1433 2855 1572 2899 ingenii
1607 2854 1934 2900 industria(m)que

266 2912 416 2957 legendi
433 2920 546 2957 atque
565 2913 600 2946 in
620 2913 735 2947 sacris
753 2925 939 2948 canonum
957 2913 1060 2948 libris
1076 2913 1278 2957 peritia(m)
1298 2913 1390 2948 liber
1408 2913 1469 2948 ille
1487 2913 1688 2948 artificiosa
1706 2913 1935 2958 compositur

266 2969 509 3004 instructione
537 2983 648 3015 quem
681 2972 889 3005 Ormestam
919 2973 1146 3006 Britanniae
1174 2979 1320 3011 vocant.
1352 2972 1531 3014 declarat,
1564 2971 1599 3005 in
1628 2983 1702 3017 quo
1736 2972 1783 3006 de
1817 2971 1934 3016 ipsius

266 3024 409 3059 insulae
443 3025 515 3059 situ
549 3033 661 3070 atque
696 3026 855 3061 miseriis
889 3026 1056 3061 scribens
1091 3026 1251 3071 plurima
1289 3026 1457 3061 eiusdem
1492 3026 1657 3061 moribus
1691 3038 1794 3061 more
1828 3027 1934 3071 pardi

267 3082 514 3117 discoloribus
547 3084 656 3118 valde
696 3084 959 3119 convenientia
996 3085 1146 3119 oracula
1185 3085 1233 3119 ad
1273 3084 1370 3119 illius
1410 3092 1526 3128 actus,
1565 3085 1626 3119 ubi
1656 3085 1688 3119 ei
1723 3085 1843 3119 visum
1878 3092 1935 3120 est

267 3151 483 3183 congruere,
504 3142 784 3185 exprobrandos
812 3143 870 3176 vel
896 3141 1020 3186 potius
1047 3142 1343 3177 commonendos
1369 3154 1436 3177 sua
1462 3142 1557 3177 inter
1577 3143 1692 3177 verba
1719 3143 1935 3178 attestando

268 3199 488 3243 prophetica
505 3210 589 3232 cum
614 3211 752 3243 magna
769 3200 967 3234 attestione
986 3201 1082 3234 bene
1102 3212 1144 3233 ac
1165 3199 1348 3234 subtiliter
1366 3199 1541 3244 disputat.
