2214 3556
366 222 460 279 380
1031 221 1079 267 V
1076 222 1146 268 ita
1177 222 1366 269 Gz'ldae.

361 357 402 396 in
447 370 534 396 uno
578 356 823 410 eodemque
858 358 1036 398 homine
1072 365 1115 398 et
1157 359 1344 411 puniunt
1382 358 1566 398 crimina
1602 364 1645 398 et
1680 357 1838 410 impios
1881 358 2009 398 casti-

361 432 479 477 gant,
527 439 579 465 ne
626 426 784 465 similia
847 426 986 466 facere
1040 435 1334 479 praesumant,
1388 441 1440 467 ne
1502 427 1701 467 similiter
1754 427 2018 479 puniantur!

363 494 594 534 Credimus
618 501 765 534 autem
791 495 930 534 virum
966 495 1086 536 illum
1112 510 1188 549 per
1212 497 1305 542 hoc,
1328 498 1446 549 quod
1474 497 1596 536 Deus
1633 509 1718 535 non
1743 497 1937 536 vindicat
1960 496 2024 536 bis

367 564 407 603 in
433 564 475 603 id
501 563 658 615 ipsum,
681 564 849 604 salvum
875 579 952 616 pro
978 565 1059 604 Dei
1085 566 1384 605 misericordia
1409 566 1550 605 fuisse.

454 632 687 672 Festivitas
711 633 950 672 beatissimi
975 633 1260 687 Gildac,1qt1a
1283 635 1338 675 de
1362 635 1468 674 mari
1493 634 1753 674 translatum
1777 641 1842 674 est
1865 647 2023 686 corpus
2047 640 2111 683 40

365 702 468 749 eius,
491 701 877 754 appropinquabat
897 709 939 742 et
963 703 1151 754 populus
1177 704 1370 756 undique
1394 703 1618 743 confluens
1642 703 1695 743 ad
1721 704 1838 743 diem
1863 702 2021 742 festum

364 783 589 809 occurrere
638 769 884 811 festinabat.
968 771 1093 811 Tunc
1146 772 1338 824 quidam,
1390 774 1463 825 qui
1497 773 1570 812 diu
1605 773 1644 811 in
1678 772 1791 812 lecto
1835 772 2025 811 iacuerat

367 839 487 891 gravi
535 839 741 879 detentus
785 839 1052 887 infirmitate,
1086 855 1185 881 cum
1234 842 1399 882 videret
1445 843 1610 881 vicinos
1643 849 1685 882 et
1728 842 1893 881 amicos
1927 855 2026 880 suos

368 921 602 960 properare
635 909 690 948 ad
723 909 840 948 diem
875 909 1046 957 festum,
1079 910 1311 958 clamabat,
1345 918 1391 951 ut
1434 925 1479 951 se
1528 911 1581 950 ad
1636 917 1836 951 sanctum
1881 911 2023 950 locum

368 977 589 1016 ducerent.
675 977 863 1017 Dicebat
917 979 1046 1026 enim,
1079 980 1212 1031 quod,
1255 980 1288 1018 si
1341 981 1480 1020 sancti
1516 980 1591 1019 viri
1636 980 1884 1032 sepulcrum
1924 993 2027 1019 con-
2052 995 2087 1014 10

367 1046 536 1097 tingere
586 1046 826 1093 meruisset,
879 1061 986 1087 mox
1039 1049 1217 1089 sanitati
1272 1049 1524 1089 redderetur
1550 1065 1556 1088 :
1610 1049 1692 1089 hoc
1744 1063 1789 1089 se
1841 1049 2030 1096 credere,

367 1115 480 1154 hanc
523 1114 653 1155 fidem
697 1129 743 1155 se
776 1116 936 1156 habere
980 1117 1234 1158 testabatur.
1314 1118 1548 1158 Adductus
1583 1119 1730 1171 itaque
1782 1119 1851 1158 ab*
1879 1118 2031 1158 amicis

368 1191 433 1224 est
470 1191 513 1224 et
547 1191 649 1225 ante
683 1185 931 1238 sepulcrum
967 1187 1083 1227 beati
1115 1186 1274 1227 Gildae
1309 1188 1490 1240 positus.
1566 1187 1678 1228 Cum
1718 1201 1819 1227 vero
1856 1186 2032 1239 vigiliae

369 1253 640 1293 sollemniter
692 1254 1019 1295 celebrarentur
1073 1262 1115 1296 et
1160 1256 1231 1296 ille
1274 1264 1375 1296 ante
1428 1263 1628 1297 sanctum
1674 1257 1835 1296 iaceret
1887 1255 2030 1308 sepul-

369 1335 502 1370 crum,
540 1322 686 1362 subito
720 1336 765 1362 se
799 1324 1048 1363 extendens
1087 1324 1128 1363 in
1169 1325 1328 1364 mortui
1368 1325 1549 1364 modum
1593 1324 1785 1377 diriguit,
1820 1324 2029 1377 plangere
2055 1338 2089 1366 15

369 1390 566 1438 cessavit,
589 1391 680 1430 eius
715 1391 827 1431 oculi
863 1393 1000 1432 eversi
1035 1400 1171 1442 erant,
1194 1394 1328 1445 pedes
1354 1407 1509 1434 manus
1545 1401 1699 1446 pectus
1739 1393 2030 1445 frigescebant

370 1466 412 1499 et
434 1466 529 1500 toto
567 1474 748 1512 corpore
772 1468 970 1502 mortuus
1002 1475 1097 1502 esse
1132 1462 1372 1503 videbatur.
1441 1462 1593 1515 Populi
1632 1462 1883 1510 multitudo,
1919 1476 2033 1515 quae

371 1529 736 1578 circumdederat,
766 1530 1106 1571 conclamabat:
1155 1531 1368 1581 Quoniam
1405 1538 1599 1572 mortuns
1639 1539 1709 1580 est,
1744 1531 1903 1572 educite
1938 1546 2032 1572 eum

370 1599 498 1643 foras.
565 1598 704 1650 Igitur
727 1599 1067 1640 vociferantibus
1091 1600 1174 1639 illis
1197 1607 1239 1640 et
1263 1601 1377 1640 circa
1399 1614 1499 1640 eum
1525 1601 1664 1652 magis
1689 1600 1917 1653 magisque
1940 1613 2034 1640 sese

373 1668 768 1718 comprimentibus
783 1682 882 1708 cum
902 1682 1033 1708 nemo
1051 1683 1193 1722 neque
1209 1683 1388 1709 manum
1406 1683 1568 1722 ponere
1585 1683 1726 1722 neque
1741 1669 1795 1709 ad
1814 1682 1913 1709 eum
1931 1682 2033 1721 prae
2054 1684 2091 1703 20

374 1734 655 1775 multitudine
677 1737 884 1776 accedere
917 1750 994 1789 per
1025 1744 1112 1777 tres
1140 1737 1228 1778 fere
1250 1739 1379 1778 horas
1403 1745 1562 1791 posset,
1586 1739 1765 1778 tandem
1790 1736 2033 1777 ascendens

373 1804 553 1856 quidam
578 1817 634 1843 ex
660 1805 886 1844 monachis
913 1806 1063 1846 Iunior
1085 1807 1262 1847 nomine
1284 1814 1327 1847 et
1351 1807 1569 1859 accipiens
1596 1806 1801 1847 baculum
1826 1806 1965 1847 sancti
1991 1806 2034 1845 in

376 1885 507 1912 manu
543 1885 620 1911 sua
659 1886 758 1912 eum
798 1875 928 1913 tertio
962 1875 1153 1927 signavit
1191 1889 1289 1915 cum
1324 1876 1482 1915 baculo
1517 1876 1644 1928 signo
1674 1882 1854 1916 sanctae
1887 1876 2036 1916 crucis.

379 1940 501 1980 Illico
525 1941 786 1981 mirantibus
802 1944 971 1982 cunctis
995 1945 1136 1984 erexit
1151 1958 1196 1984 se
1220 1952 1353 1997 atque
1376 1945 1516 1985 dixit:
1541 1945 1662 1985 Num
1680 1944 1788 1997 quid
1806 1959 1886 1984 non
1902 1944 2035 1984 vidis-

375 2010 431 2049 tz's
451 2009 618 2049 beatum
646 2010 821 2050 Gz'ldam
843 2019 1026 2053 stantem
1058 2020 1186 2065 super
1205 2014 1335 2054 istum
1359 2014 1542 2066 lapidem
1565 2021 1605 2054 et
1623 2028 1770 2054 sname
1792 2028 1923 2054 manu
1953 2014 2037 2054 eri-
2057 2030 2093 2058 25

368 2085 537 2129 gentem
559 2079 584 2117 P
628 2078 753 2118 Tunc
773 2080 813 2119 in
834 2088 1073 2133 conspectu
1092 2083 1290 2122 omnium
1316 2097 1448 2123 sanus
1472 2090 1604 2136 atque
1626 2085 1823 2136 gaudens
1847 2083 2038 2123 surrexit

375 2154 418 2188 et
442 2161 573 2187 manu
598 2161 676 2187 sua
700 2147 899 2188 deferens
922 2150 1152 2191 candelam
1184 2165 1314 2204 super
1337 2152 1475 2192 altare
1498 2153 1645 2205 posuit
1674 2158 1717 2192 et
1744 2153 1817 2204 qui
1851 2151 2037 2191 aliorum

377 2216 581 2257 manibus
623 2217 678 2256 ad
721 2226 922 2259 sanctum
961 2220 1178 2261 deductus
1217 2221 1357 2262 fuerat
1399 2221 1646 2274 sepulcrum
1691 2222 1918 2275 languens
1952 2222 2040 2261 suis

377 2285 562 2339 pedibus
595 2286 777 2326 domum
817 2301 949 2328 sanus
987 2290 1219 2330 revertitur
1255 2291 1464 2343 gaudens.
1535 2291 1663 2331 Hanc
1701 2304 1804 2331 vero
1832 2291 2039 2331 virtutem

377 2369 475 2395 cum
501 2362 655 2408 postea
678 2370 898 2397 narrarem
924 2358 1144 2398 nobilibus
1173 2360 1438 2412 quibusdam
1463 2366 1565 2400 ante
1587 2360 1816 2400 ecclesiam
1844 2359 2040 2399 Plomor-
2061 2378 2098 2406 30

378 2431 460 2471 cat,
483 2424 553 2464 ille
577 2424 702 2465 affuit
725 2432 767 2465 et
792 2426 1071 2467 iureiurando
1094 2427 1342 2469 affirmabat
1366 2430 1425 2469 ita
1449 2429 1592 2478 fuisse,
1615 2430 1726 2470 sicut
1749 2429 1963 2469 dicebam.

470 2493 714 2533 Notissima
750 2508 815 2534 res
838 2502 902 2535 est
925 2502 969 2536 et
993 2510 1068 2549 per
1102 2503 1283 2536 cunctas
1308 2504 1454 2549 partes
1479 2498 1732 2537 Britanniae
1768 2497 1959 2549 vulgata,
1982 2504 2041 2545 ut,
2060 2509 2115 2552 41

381 2561 478 2600 siin
517 2562 762 2613 parrochia2
788 2563 853 2602 vel
878 2565 1012 2604 etiam
1047 2566 1088 2604 in
1124 2565 1270 2617 aliqua
1302 2566 1479 2618 regione
1511 2565 1755 2606 mortalitas
1779 2566 2040 2613 incubuerit,

381 2629 495 2668 illius
533 2630 804 2670 habitatores
840 2633 894 2671 ad
930 2633 1056 2673 huius
1095 2634 1423 2674 sanctissimum
1447 2633 1684 2686 confugere
1715 2633 1878 2673 locum3
1901 2641 2037 2686 atque

382 2712 406 2736 a
443 2698 538 2737 Deo
573 2698 733 2738 ibidem
779 2701 871 2740 sine
905 2701 1041 2741 dubio
1074 2702 1343 2754 praestolare
1387 2701 1640 2742 remedium.
1704 2701 1927 2742 Veniebat
1961 2715 2040 2754 pro
2060 2719 2095 2747 3รท

381 2767 534 2806 eadem
559 2781 690 2807 causa
709 2769 762 2808 de
781 2769 972 2810 Ilfintinc
996 2771 1235 2811 multitudo
1251 2771 1402 2824 plebis,
1426 2771 1500 2810 sed
1526 2784 1636 2811 unus
1659 2784 1716 2811 ex
1740 2771 1845 2823 ipsis
1863 2771 2041 2811 nomine

454 2880 459 2899 ยน
490 2881 694 2916 Festivitas
711 2883 739 2916 b.
768 2884 908 2917 Gz'ldaeze.
961 2884 1053 2919 This
1073 2885 1156 2929 day,
1176 2896 1216 2919 as
1237 2896 1289 2919 we
1308 2896 1370 2919 are
1390 2884 1601 2929 previously
1620 2885 1708 2926 told,
1728 2896 1802 2918 was
1822 2885 1883 2918 the
1907 2885 1988 2919 lxth
2007 2885 2048 2918 of

387 2935 484 2978 May.
540 2936 581 2969 In
609 2937 670 2970 the
689 2938 762 2972 Aa.
780 2938 849 2981 Ss.,
869 2939 1052 2982 however,
1073 2940 1133 2974 the
1154 2940 1268 2973 Lz'ves
1285 2941 1326 2974 of
1348 2939 1478 2974 Gildas
1498 2951 1559 2974 are
1588 2940 1718 2984 placed
1746 2940 1793 2984 by
1813 2940 1874 2974 the
1895 2940 2041 2974 Bollan-

383 2989 486 3032 distsโ
506 2991 541 3024 in
560 2994 792 3028 accordance
813 2994 897 3029 with
918 2995 1013 3029 their
1038 2995 1217 3040 adoption
1236 2996 1278 3030 of
1299 2997 1361 3031 the
1381 2996 1574 3031 mediaeval
1600 2997 1694 3030 form
1713 2996 1755 3030 of
1776 2997 1837 3030 the
1860 2996 2042 3040 Hierony-

385 3045 482 3078 mian
504 3047 771 3092 Marty1โดologyโ
791 3061 837 3082 on
857 3051 1022 3094 January
1042 3051 1139 3094 29th,
1160 3051 1222 3085 the
1241 3051 1397 3096 reputed
1417 3051 1489 3095 day
1509 3051 1550 3085 of
1563 3051 1686 3085 death.

454 3100 466 3120 ยฒ
492 3101 706 3136 Parrochia.
762 3104 967 3138 Par-rochia
993 3113 1090 3140 must
1112 3106 1158 3140 be
1187 3106 1299 3140 taken
1329 3105 1364 3140 in
1394 3107 1455 3141 the
1481 3117 1573 3140 once
1605 3117 1777 3140 common
1806 3105 1982 3149 meaning
2008 3107 2050 3140 of

386 3156 403 3170 โยฒ
417 3155 596 3199 tliocese,'โ
614 3158 684 3200 i.e.,
705 3159 767 3192 the
787 3159 936 3194 diocese
956 3161 996 3194 of
1011 3162 1175 3195 Vannes.

451 3209 462 3229 ยณ
491 3211 634 3245 [orum.
667 3213 767 3249 Asin
783 3226 893 3261 many
906 3217 1011 3251 other
1024 3217 1160 3261 places,
1175 3218 1275 3252 locus
1289 3228 1357 3252 can
1370 3218 1574 3261 onlymean
1589 3217 1867 3260 โ1nonastery'โอพ
1881 3216 1923 3250 cf.
1939 3227 1967 3249 c.
1985 3225 2040 3259 32-
